

@string{SOSP87 = "Proceedings of the 11th ACM Symposium on Operating Systems Principles (SOSP '87)"}
@string{SOSP89 = "Proceedings of the 12th ACM Symposium on Operating Systems Principles (SOSP '89)"}
@string{SOSP91 = "Proceedings of the 13th ACM Symposium on Operating Systems Principles (SOSP '91)"}
@string{SOSP93 = "Proceedings of the 14th ACM Symposium on Operating Systems Principles (SOSP '93)"}
@string{SOSP95 = "Proceedings of the 15th ACM Symposium on Operating Systems Principles (SOSP '95)"}
@string{SOSP97 = "Proceedings of the 16th ACM Symposium on Operating Systems Principles (SOSP '97)"}
@string{SOSP99 = "Proceedings of the 17th ACM Symposium on Operating Systems Principles (SOSP '99)"}
@string{SOSP01 = "Proceedings of the 18th ACM Symposium on Operating Systems Principles (SOSP '01)"}
@string{SOSP03 = "Proceedings of the 19th ACM Symposium on Operating Systems Principles (SOSP '03)"}
@string{SOSP07 = "Proceedings of the 21st ACM Symposium on Operating Systems Principles (SOSP '07)"}
@string{SOSP09 = "Proceedings of the 22nd ACM Symposium on Operating Systems Principles (SOSP '09)"}
@string{SOSP11 = "Proceedings of the 23rd ACM Symposium on Operating Systems Principles (SOSP '11)"}
@string{SOSP13 = "Proceedings of the 24th ACM Symposium on Operating Systems Principles (SOSP '13)"}

@string{ISCA90 = "Proceedings of the 17th International Symposium on Computer Architecture (ISCA '90)"}
@string{ISCA91 = "Proceedings of the 18th International Symposium on Computer Architecture (ISCA '91)"}
@string{ISCA92 = "Proceedings of the 19th International Symposium on Computer Architecture (ISCA '92)"}
@string{ISCA94 = "Proceedings of the 21st International Symposium on Computer Architecture (ISCA '94)"}
@string{ISCA95 = "Proceedings of the 22nd International Symposium on Computer Architecture (ISCA '95)"}
@string{ISCA96 = "Proceedings of the 23rd International Symposium on Computer Architecture (ISCA '96)"}
@string{ISCA97 = "Proceedings of the 24th International Symposium on Computer Architecture (ISCA '97)"}
@string{ISCA98 = "Proceedings of the 25th International Symposium on Computer Architecture (ISCA '98)"}

@string{ISCA05 = "Proceedings of the 32st International Symposium on Computer Architecture (ISCA '05)"}

@string{ISCA08 = "Proceedings of the 35th International Symposium on Computer Architecture (ISCA '08)"}
@string{ISCA12 = "Proceedings of the 39th International Symposium on Computer Architecture (ISCA '12)"}
@string{ISCA13 = "Proceedings of the 40th International Symposium on Computer Architecture (ISCA '13)"}
@string{ISCA14 = "Proceedings of the 41st International Symposium on Computer Architecture (ISCA '14)"}


@string{ASPLOS91 = "Proceedings of the 4th International Conference on Architectural Support for Programming Languages and Operating Systems (ASPLOS '91)"}
@string{ASPLOS96 = "Proceedings of the 7th International Conference on Architectural Support for Programming Languages and Operating Systems (ASPLOS '96)"}
@string{ASPLOS06 = "Proceedings of the 12th International Conference on Architectural Support for Programming Languages and Operating Systems (ASPLOS '06)"}
@string{ASPLOS08 = "Proceedings of the 13th International Conference on Architectural Support for Programming Languages and Operating Systems (ASPLOS '08)"}
@string{ASPLOS09 = "Proceedings of the 14th International Conference on Architectural Support for Programming Languages and Operating Systems (ASPLOS '09)"}
@string{ASPLOS13 = "Proceedings of the 18th International Conference on Architectural Support for Programming Languages and Operating Systems (ASPLOS '13)"}
@string{ASPLOS14 = "Proceedings of the 19th International Conference on Architectural Support for Programming Languages and Operating Systems (ASPLOS '14)"}



@string{OSDI96 = "Proceedings of the 2nd Symposium on Operating System Design and Implementation (OSDI '96)"}
@string{OSDI02 = "Proceedings of the 5th Symposium on Operating System Design and Implementation (OSDI '02)"}
@string{OSDI04 = "Proceedings of the 6th Symposium on Operating System Design and Implementation (OSDI '04)"}
@string{OSDI08 = "Proceedings of the 8th Symposium on Operating System Design and Implementation (OSDI '08)"}
@string{OSDI10 = "Proceedings of the 9th Symposium on Operating System Design and Implementation (OSDI '10)"}
@string{OSDI12 = "Proceedings of the 10th Symposium on Operating System Design and Implementation (OSDI '12)"}
@string{OSDI14 = "Proceedings of the 11th Symposium on Operating System Design and Implementation (OSDI '14)"}



@string{NSDI04 = "Proceedings of the 1st Symposium on Networked Systems Design and Implementation (NSDI '04)"}
@string{NSDI05 = "Proceedings of the 2nd Symposium on Networked Systems Design and Implementation (NSDI '05)"}
@string{NSDI06 = "Proceedings of the 3rd Symposium on Networked Systems Design and Implementation (NSDI '06)"}

@string{NSDI11 = "Proceedings of the 8th Symposium on Networked Systems Design and Implementation (NSDI '11)"}
@string{NSDI12 = "Proceedings of the 9th Symposium on Networked Systems Design and Implementation (NSDI '12)"}
@string{NSDI13 = "Proceedings of the 10th Symposium on Networked Systems Design and Implementation (NSDI '13)"}
@string{NSDI14 = "Proceedings of the 11th Symposium on Networked Systems Design and Implementation (NSDI '14)"}


@string{CGO03 = "Proceedings of the 1st IEEE / ACM International Symposium on Code Generation and Optimization (CGO '03)"}

@string{SIGMETRICS93 = "Proceedings of the 1993 ACM SIGMETRICS International Conference on Measurement and Modeling of Computer Systems"}
@string{SIGMETRICS94 = "Proceedings of the 1994 ACM SIGMETRICS International conference on Measurement and modeling of computer systems"}
@string{SIGMETRICS95 = "Proceedings of the 1995 ACM SIGMETRICS International conference on Measurement and modeling of computer systems"}
@string{SIGMETRICS96 = "Proceedings of the 1996 ACM SIGMETRICS International conference on Measurement and modeling of computer systems"}
@string{SIGMETRICS12 = "Proceedings of the 2012 ACM SIGMETRICS International conference on Measurement and modeling of computer systems"}

@string{HASE01 = "Proceedings of the 6th IEEE International Symposium on High-Assurance Systems Engineering (HASE '01)"}
@string{EDCC02 = "Proceedings of the 4th European Dependable Computing Conference (EDCC '02)"}

@string{FAST08 = "Proceedings of the 6th USENIX Conference on File and Storage Technologies (FAST '08)"}


@string{SIGCOMM93 = "Proceedings of the ACM SIGCOMM 1993 Conference"}
@string{SIGCOMM09 = "Proceedings of the ACM SIGCOMM 2009 Conference"}
@string{SIGCOMM10 = "Proceedings of the ACM SIGCOMM 2010 Conference"}
@string{SIGCOMM11 = "Proceedings of the ACM SIGCOMM 2011 Conference"}
@string{SIGCOMM12 = "Proceedings of the ACM SIGCOMM 2012 Conference"}
@string{SIGCOMM14 = "Proceedings of the ACM SIGCOMM 2014 Conference"}


@string{LISA03 = "Proceedings of the 17th Conference on Systems Administration (LISA '03)"}

@string{FPGA13 = "Proceedings of the 2013 ACM/SIGDA International Symposium on Field Programmable Gate Arrays (FPGA '13)"}

@string{Eurosys12 = "Proceedings of the 7th EuroSys Conference (Eurosys '12)"}
@string{Eurosys13 = "Proceedings of the 8th EuroSys Conference (Eurosys '13)"}
@string{Eurosys14 = "Proceedings of the 9th EuroSys Conference (Eurosys '14)"}

@string{VEE07 =  "Proceedings of the 3rd International Conference on Virtual Execution Environments (VEE '07)"}

@string{USENIX96 = "Proceedings of the 1996 USENIX Annual Technical Conference"}
@string{USENIX99 = "Proceedings of the 1999 USENIX Annual Technical Conference"}
@string{USENIX13 = "Proceedings of the 2013 USENIX Annual Technical Conference"}

@string{HotOS11 = "Proceedings of the 13th Workshop on Hot Topics in Operating Systems (HotOS-XIII)"}
@string{HotOS13 = "Proceedings of the 14th Workshop on Hot Topics in Operating Systems (HotOS-XIV)"}


@string{HotCloud13 = "Proceedings of the 5th USENIX Workshop on Hot Topics in Cloud Computing (HotCloud '13)"}

@string{SoCC12 = "ACM Symposium on Cloud Computing (SOCC '12)"}

@string{ICPP11 = "International Conference on Parallel Processing (ICPP '11)"}

@string{ACSAC04 = "Proceedings of the 20th Annual Computer Security Applications Conference (ACSAC '04)"}

