
@string{SOSP89 = "Proceedings of the 12th ACM Symposium on Operating Systems Principles (SOSP)"}
@string{SOSP91 = "Proceedings of the 13th ACM Symposium on Operating Systems Principles (SOSP)"}
@string{SOSP93 = "Proceedings of the 14th ACM Symposium on Operating Systems Principles (SOSP)"}
@string{SOSP95 = "Proceedings of the 15th ACM Symposium on Operating Systems Principles (SOSP)"}
@string{SOSP97 = "Proceedings of the 16th ACM Symposium on Operating Systems Principles (SOSP)"}
@string{SOSP99 = "Proceedings of the 17th ACM Symposium on Operating Systems Principles (SOSP)"}
@string{SOSP01 = "Proceedings of the 18th ACM Symposium on Operating Systems Principles (SOSP)"}
@string{SOSP03 = "Proceedings of the 19th ACM Symposium on Operating Systems Principles (SOSP)"}
@string{SOSP07 = "Proceedings of the 21st ACM Symposium on Operating Systems Principles (SOSP)"}
@string{SOSP09 = "Proceedings of the 22nd ACM Symposium on Operating Systems Principles (SOSP)"}
@string{SOSP11 = "Proceedings of the 23rd ACM Symposium on Operating Systems Principles (SOSP)"}
@string{SOSP13 = "Proceedings of the 24th ACM Symposium on Operating Systems Principles (SOSP)"}

@string{ISCA90 = "Proceedings of the 17th International Symposium on Computer Architecture (ISCA)"}
@string{ISCA91 = "Proceedings of the 18th International Symposium on Computer Architecture (ISCA)"}
@string{ISCA92 = "Proceedings of the 19th International Symposium on Computer Architecture (ISCA)"}
@string{ISCA94 = "Proceedings of the 21st International Symposium on Computer Architecture (ISCA)"}
@string{ISCA95 = "Proceedings of the 22nd International Symposium on Computer Architecture (ISCA)"}
@string{ISCA96 = "Proceedings of the 23rd International Symposium on Computer Architecture (ISCA)"}
@string{ISCA97 = "Proceedings of the 24th International Symposium on Computer Architecture (ISCA)"}
@string{ISCA98 = "Proceedings of the 25th International Symposium on Computer Architecture (ISCA)"}

@string{ISCA08 = "Proceedings of the 35th International Symposium on Computer Architecture (ISCA)"}
@string{ISCA12 = "Proceedings of the 39th International Symposium on Computer Architecture (ISCA)"}
@string{ISCA13 = "Proceedings of the 40th International Symposium on Computer Architecture (ISCA)"}


@string{ASPLOS91 = "Proceedings of the 4th International Conference on Architectural Support for Programming Languages and Operating Systems (ASPLOS-VII)"}
@string{ASPLOS96 = "Proceedings of the 7th International Conference on Architectural Support for Programming Languages and Operating Systems (ASPLOS-VII)"}
@string{ASPLOS06 = "Proceedings of the 12th International Conference on Architectural Support for Programming Languages and Operating Systems (ASPLOS-XII)"}
@string{ASPLOS08 = "Proceedings of the 13th International Conference on Architectural Support for Programming Languages and Operating Systems (ASPLOS-XIII)"}
@string{ASPLOS09 = "Proceedings of the 14th International Conference on Architectural Support for Programming Languages and Operating Systems (ASPLOS-XIV)"}
@string{ASPLOS13 = "Proceedings of the 18th International Conference on Architectural Support for Programming Languages and Operating Systems (ASPLOS-XVIII)"}
@string{ASPLOS14 = "Proceedings of the 19th International Conference on Architectural Support for Programming Languages and Operating Systems (ASPLOS-XIX)"}



@string{OSDI96 = "Proceedings of the 2nd Symposium on Operating System Design and Implementation (OSDI)"}
@string{OSDI02 = "Proceedings of the 5th Symposium on Operating System Design and Implementation (OSDI)"}
@string{OSDI04 = "Proceedings of the 6th Symposium on Operating System Design and Implementation (OSDI)"}
@string{OSDI08 = "Proceedings of the 8th Symposium on Operating System Design and Implementation (OSDI)"}
@string{OSDI10 = "Proceedings of the 9th Symposium on Operating System Design and Implementation (OSDI)"}



@string{NSDI05 = "Proceedings of the 2nd Symposium on Networked Systems Design and Implementation(NSDI)"}
@string{NSDI06 = "Proceedings of the 3rd Symposium on Networked Systems Design and Implementation(NSDI)"}
@string{NSDI11 = "Proceedings of the 8th Symposium on Networked Systems Design and Implementation(NSDI)"}

@string{CGO03 = "Proceedings of the 1st IEEE / ACM International Symposium on Code Generation and Optimization (CGO)"}

@string{SIGMETRICS93 = "Proceedings of the 1993 ACM SIGMETRICS International Conference on Measurement and Modeling of Computer Systems"}
@string{SIGMETRICS94 = "Proceedings of the 1994 ACM SIGMETRICS International conference on Measurement and modeling of computer systems"}
@string{SIGMETRICS95 = "Proceedings of the 1995 ACM SIGMETRICS International conference on Measurement and modeling of computer systems"}
@string{SIGMETRICS96 = "Proceedings of the 1996 ACM SIGMETRICS International conference on Measurement and modeling of computer systems"}

@string{HASE01 = "Proceedings of the 6th IEEE International Symposium on High-Assurance Systems Engineering (HASE 2001)"}
@string{EDCC02 = "Proceedings of the 4th European Dependable Computing Conference (EDCC)"}

@string{FAST08 = "Proceedings of the 6th USENIX Conference on File and Storage Technologies (FAST)"}


@string{SIGCOMM09 = "Proceedings of the ACM SIGCOMM 2009 Conference"}
@string{SIGCOMM10 = "Proceedings of the ACM SIGCOMM 2010 Conference"}
@string{SIGCOMM11 = "Proceedings of the ACM SIGCOMM 2011 Conference"}
@string{SIGCOMM12 = "Proceedings of the ACM SIGCOMM 2012 Conference"}


@string{LISA03 = "Proceedings of the 17th Conference on Systems Administration (LISA 2003)"}

@string{FPGA13 = "Proceedings of the 2013 ACM/SIGDA International Symposium on Field Programmable Gate Arrays (FPGA '13)"}

@string{Eurosys12 = "Proceedings of the Seventh EuroSys Conference (Eurosys '12)"}

%%%%%%%%%%%%%%%%%%%%%%%%%%%%%%%%%%%%%%%%%%%%%%%%%%%%%%%%%
%%%% 1968 %%%%%%%%%%%%%%%%%%%%%%%%%%%%%%%%%%%%%%%%%%%%%%%
%%%%%%%%%%%%%%%%%%%%%%%%%%%%%%%%%%%%%%%%%%%%%%%%%%%%%%%%%
@article{DBLP:journals/cacm/Denning68,
  author    = {Peter J. Denning},
  title     = {The Working Set Model for Program Behaviour},
  journal   = {Commun. ACM},
  volume    = {11},
  number    = {5},
  year      = {1968},
  pages     = {323-333},
  ee        = {http://doi.acm.org/10.1145/363095.363141},
  bibsource = {DBLP, http://dblp.uni-trier.de}
}


%%%%%%%%%%%%%%%%%%%%%%%%%%%%%%%%%%%%%%%%%%%%%%%%%%%%%%%%%%%%%%%%
%%%%%%% 1974 %%%%%%%%%%%%%%%%%%%%%%%%%%%%%%%%%%%%%%%%%%%%%%%%%%%
%%%%%%%%%%%%%%%%%%%%%%%%%%%%%%%%%%%%%%%%%%%%%%%%%%%%%%%%%%%%%%%%

%missing DOI
@article{DBLP:journals/cacm/PopekG74,
  author    = {Gerald J. Popek and
               Robert P. Goldberg},
  title     = {{Formal Requirements for Virtualizable Third Generation Architectures}},
  journal   = {Commun. ACM},
  volume    = {17},
  number    = {7},
  year      = {1974},
  pages     = {412-421},
  bibsource = {DBLP, http://dblp.uni-trier.de}
}


%%%%%%%%%%%%%%%%%%%%%%%%%%%%%%%%%%%%%%%%%%%%%%%%%%%%%%%%%%%%%%%%
%%%%%%% 1979 %%%%%%%%%%%%%%%%%%%%%%%%%%%%%%%%%%%%%%%%%%%%%%%%%%%
%%%%%%%%%%%%%%%%%%%%%%%%%%%%%%%%%%%%%%%%%%%%%%%%%%%%%%%%%%%%%%%%
@article{DBLP:journals/ibmsj/MacKinnon79,
  author    = {Richard A. MacKinnon},
  title     = {The Changing Virtual Machine Environment: Interfaces to
               Real Hardware, Virtual Hardware, and Other Virtual Machines},
  journal   = {IBM Systems Journal},
  volume    = {18},
  number    = {1},
  year      = {1979},
  pages     = {18-46},
  bibsource = {DBLP, http://dblp.uni-trier.de}
}

@article{DBLP:journals/ibmsj/SeawrightM79,
  author    = {Love H. Seawright and
               Richard A. MacKinnon},
  title     = {VM/370 - A Study of Multiplicity and Usefulness},
  journal   = {IBM Systems Journal},
  volume    = {18},
  number    = {1},
  year      = {1979},
  pages     = {4-17},
  bibsource = {DBLP, http://dblp.uni-trier.de}
}

@article{DBLP:journals/sigops/LauerN79,
  author    = {Hugh C. Lauer and
               Roger M. Needham},
  title     = {On the Duality of Operating System Structures},
  journal   = {Operating Systems Review},
  volume    = {13},
  number    = {2},
  year      = {1979},
  pages     = {3-19},
  ee        = {http://doi.acm.org/10.1145/850657.850658},
  bibsource = {DBLP, http://dblp.uni-trier.de}
}


%%%%%%%%%%%%%%%%%%%%%%%%%%%%%%%%%%%%%%%%%%%%%%%%%%%%%%%%%%%%%%%%
%%%%%%% 1981 %%%%%%%%%%%%%%%%%%%%%%%%%%%%%%%%%%%%%%%%%%%%%%%%%%%
%%%%%%%%%%%%%%%%%%%%%%%%%%%%%%%%%%%%%%%%%%%%%%%%%%%%%%%%%%%%%%%%

@inproceedings{DBLP:conf/vldb/Gray81,
  author    = {Jim Gray},
  title     = {The Transaction Concept: Virtues and Limitations (Invited
               Paper)},
  booktitle = {VLDB},
  year      = {1981},
  pages     = {144-154},
  ee        = {db/conf/vldb/Gray81.html},
  bibsource = {DBLP, http://dblp.uni-trier.de}
}

@article{DBLP:journals/tods/KungR81,
  author    = {H. T. Kung and
               John T. Robinson},
  title     = {On Optimistic Methods for Concurrency Control},
  journal   = {ACM Trans. Database Syst.},
  volume    = {6},
  number    = {2},
  year      = {1981},
  pages     = {213-226},
  ee        = {http://doi.acm.org/10.1145/319566.319567},
  bibsource = {DBLP, http://dblp.uni-trier.de}
}


%%%%%%%%%%%%%%%%%%%%%%%%%%%%%%%%%%%%%%%%%%%%%%%%%%%%%%%%%%%%%%%%
%%%%%%% 1983 %%%%%%%%%%%%%%%%%%%%%%%%%%%%%%%%%%%%%%%%%%%%%%%%%%%
%%%%%%%%%%%%%%%%%%%%%%%%%%%%%%%%%%%%%%%%%%%%%%%%%%%%%%%%%%%%%%%%

@inproceedings{DBLP:conf/sosp/Lampson83,
  author    = {Butler W. Lampson},
  title     = {Hints for Computer System Design},
  booktitle = {SOSP},
  year      = {1983},
  pages     = {33-48},
  ee        = {http://doi.acm.org/10.1145/800217.806614},
  bibsource = {DBLP, http://dblp.uni-trier.de}
}


%%%%%%%%%%%%%%%%%%%%%%%%%%%%%%%%%%%%%%%%%%%%%%%%%%%%%%%%%%%%%%%%
%%%%%%% 1984 %%%%%%%%%%%%%%%%%%%%%%%%%%%%%%%%%%%%%%%%%%%%%%%%%%%
%%%%%%%%%%%%%%%%%%%%%%%%%%%%%%%%%%%%%%%%%%%%%%%%%%%%%%%%%%%%%%%%

@article{DBLP:journals/tocs/BirrelN84,
  author    = {Andrew Birrell and
               Bruce Jay Nelson},
  title     = {{Implementing Remote Procedure Calls}},
  journal   = {ACM Trans. Comput. Syst.},
  volume    = {2},
  number    = {1},
  year      = {1984},
  ee        = {http://doi.acm.org/10.1145/2080.357392},
  pages     = {39-59},
  bibsource = {DBLP, http://dblp.uni-trier.de}
}

 % doi        = {10.1145/2080.357392},


@article{DBLP:journals/tocs/SaltzerRC84,
  author    = {Jerome H. Saltzer and
               David P. Reed and
               David D. Clark},
  title     = {End-To-End Arguments in System Design},
  journal   = {ACM Trans. Comput. Syst.},
  volume    = {2},
  number    = {4},
  year      = {1984},
  pages     = {277-288},
  ee        = {http://doi.acm.org/10.1145/357401.357402},
  bibsource = {DBLP, http://dblp.uni-trier.de}
}

%%%%%%%%%%%%%%%%%%%%%%%%%%%%%%%%%%%%%%%%%%%%%%%%%%%%%%%%%%%%%%%%
%%%%%%% 1986 %%%%%%%%%%%%%%%%%%%%%%%%%%%%%%%%%%%%%%%%%%%%%%%%%%%
%%%%%%%%%%%%%%%%%%%%%%%%%%%%%%%%%%%%%%%%%%%%%%%%%%%%%%%%%%%%%%%%

@inproceedings{DBLP:conf/usenix/AccettaBBGRTY86,
  author    = {Michael J. Accetta and
               Robert V. Baron and
               William J. Bolosky and
               David B. Golub and
               Richard F. Rashid and
               Avadis Tevanian and
               Michael Young},
  title     = {{Mach: A New Kernel Foundation for UNIX Development}},
  booktitle = {Proceedings of the Summer 1986 USENIX Technical Conference and Exhibition},
  year      = {1986},
  pages     = {93-113},
  bibsource = {DBLP, http://dblp.uni-trier.de}
}


%%%%%%%%%%%%%%%%%%%%%%%%%%%%%%%%%%%%%%%%%%%%%%%%%%%%%%%%%%%%%%%%
%%%%%%% 1988 %%%%%%%%%%%%%%%%%%%%%%%%%%%%%%%%%%%%%%%%%%%%%%%%%%%
%%%%%%%%%%%%%%%%%%%%%%%%%%%%%%%%%%%%%%%%%%%%%%%%%%%%%%%%%%%%%%%%

@inproceedings{DBLP:conf/sigmod/PattersonGK88,
  author    = {David A. Patterson and
               Garth A. Gibson and
               Randy H. Katz},
  title     = {{A Case for Redundant Arrays of Inexpensive Disks (RAID)}},
  booktitle = {SIGMOD Conference},
  year      = {1988},
  pages     = {109-116},
  ee        = {http://doi.acm.org/10.1145/50202.50214, db/conf/sigmod/PattersonGK88.html},
  bibsource = {DBLP, http://dblp.uni-trier.de}
}



@inproceedings{DBLP:conf/sosp/BoloskyFS89,
  author    = {William J. Bolosky and
               Robert P. Fitzgerald and
               Michael L. Scott},
  title     = {{Simple But Effective Techniques for NUMA Memory Management}},
  booktitle = SOSP89,
  year      = {1989},
  pages     = {19-31},
  ee        = {http://doi.acm.org/10.1145/74850.74854},
  bibsource = {DBLP, http://dblp.uni-trier.de}
}

@inproceedings{DBLP:conf/sosp/CoxF89,
  author    = {Alan L. Cox and
               Robert J. Fowler},
  title     = {{The Implementation of a Coherent Memory Abstraction on a
               NUMA Multiprocessor: Experiences with PLATINUM}},
  booktitle = SOSP89,
  year      = {1989},
  pages     = {32-44},
  ee        = {http://doi.acm.org/10.1145/74850.74855},
  bibsource = {DBLP, http://dblp.uni-trier.de}
}

@article{DBLP:journals/tocs/LiH89,
  author    = {Kai Li and
               Paul Hudak},
  title     = {Memory Coherence in Shared Virtual Memory Systems},
  journal   = {ACM Trans. Comput. Syst.},
  volume    = {7},
  number    = {4},
  year      = {1989},
  pages     = {321-359},
  ee        = {http://doi.acm.org/10.1145/75104.75105},
  bibsource = {DBLP, http://dblp.uni-trier.de}
}


%%%%%%%%%%%%%%%%%%%%%%%%%%%%%%%%%%%%%%%%%%%%%%%%%%%%%%%%%%%%%%%%
%%%%%%% 1990 %%%%%%%%%%%%%%%%%%%%%%%%%%%%%%%%%%%%%%%%%%%%%%%%%%%
%%%%%%%%%%%%%%%%%%%%%%%%%%%%%%%%%%%%%%%%%%%%%%%%%%%%%%%%%%%%%%%%

@inproceedings{DBLP:conf/sp/KargerZBMK90,
  author    = {Paul A. Karger and
               Mary Ellen Zurko and
               Douglas W. Bonin and
               Andrew H. Mason and
               Clifford E. Kahn},
  title     = {A VMM Security Kernel for the VAX Architecture},
  booktitle = {IEEE Symposium on Security and Privacy},
  year      = {1990},
  pages     = {2-19},
  bibsource = {DBLP, http://dblp.uni-trier.de},
  ee = "http://doi.ieeecomputersociety.org/10.1109/RISP.1990.63834"
}


@article{DBLP:journals/tocs/BershadALL90,
  author    = {Brian N. Bershad and
               Thomas E. Anderson and
               Edward D. Lazowska and
               Henry M. Levy},
  title     = {Lightweight Remote Procedure Call},
  journal   = {ACM Trans. Comput. Syst.},
  volume    = {8},
  number    = {1},
  year      = {1990},
  pages     = {37-55},
  ee        = {http://doi.acm.org/10.1145/77648.77650},
  bibsource = {DBLP, http://dblp.uni-trier.de}
}

@inproceedings{DBLP:conf/isca/GharachorlooLLGGH90,
  author    = {Kourosh Gharachorloo and
               Daniel Lenoski and
               James Laudon and
               Phillip B. Gibbons and
               Anoop Gupta and
               John L. Hennessy},
  title     = {Memory Consistency and Event Ordering in Scalable Shared-Memory
               Multiprocessors},
  booktitle = ISCA90,
  year      = {1990},
  pages     = {15-26},
  ee        = {http://doi.acm.org/10.1145/325164.325102},
  bibsource = {DBLP, http://dblp.uni-trier.de}
}


%%%%%%%%%%%%%%%%%%%%%%%%%%%%%%%%%%%%%%%%%%%%%%%%%%%%%%%%%%%%%%%%
%%%%%%% 1991 %%%%%%%%%%%%%%%%%%%%%%%%%%%%%%%%%%%%%%%%%%%%%%%%%%%
%%%%%%%%%%%%%%%%%%%%%%%%%%%%%%%%%%%%%%%%%%%%%%%%%%%%%%%%%%%%%%%%

@article{DBLP:journals/toplas/Herlihy91,
  author    = {Maurice Herlihy},
  title     = {{Wait-Free Synchronization}},
  journal   = {ACM Trans. Program. Lang. Syst.},
  volume    = {13},
  number    = {1},
  year      = {1991},
  pages     = {124-149},
  ee        = {http://doi.acm.org/10.1145/114005.102808},
  bibsource = {DBLP, http://dblp.uni-trier.de}
}


@inproceedings{DBLP:conf/isca/HallR91,
  author    = {Judith S. Hall and
               Paul T. Robinson},
  title     = {{Virtualizing the VAX Architecture}},
  booktitle = ISCA91,
  year      = {1991},
  pages     = {380-389},
  ee        = {http://doi.acm.org/10.1145/115952.115990},
   bibsource = {DBLP, http://dblp.uni-trier.de}
}


@inproceedings{DBLP:conf/sosp/LampsonABW91,
  author    = {Butler W. Lampson and
               Mart\'{\i}n Abadi and
               Michael Burrows and
               Edward Wobber},
  title     = {Authentication in Distributed Systems: Theory and Practice},
  booktitle = SOSP91,
  year      = {1991},
  pages     = {165-182},
  ee        = {http://doi.acm.org/10.1145/121132.121160},
  bibsource = {DBLP, http://dblp.uni-trier.de}
}

@article{DBLP:journals/computer/GrayS91,
  author    = {Jim Gray and
               Daniel P. Siewiorek},
  title     = {High-Availability Computer Systems},
  journal   = {IEEE Computer},
  volume    = {24},
  number    = {9},
  year      = {1991},
  pages     = {39-48},
  ee        = {http://doi.ieeecomputersociety.org/10.1109/2.84898},
  bibsource = {DBLP, http://dblp.uni-trier.de}
}


@inproceedings{DBLP:conf/asplos/BoloskySFFC91,
  author    = {William J. Bolosky and
               Michael L. Scott and
               Robert P. Fitzgerald and
               Robert J. Fowler and
               Alan L. Cox},
  title     = {{NUMA Policies and Their Relation to Memory Architecture}},
  booktitle = ASPLOS91,
  year      = {1991},
  pages     = {212-221},
  ee        = {http://doi.acm.org/10.1145/106972.106994},
  bibsource = {DBLP, http://dblp.uni-trier.de}
}


%%%%%%%%%%%%%%%%%%%%%%%%%%%%%%%%%%%%%%%%%%%%%%%%%%%%%%%%%%%%%%%%
%%%%%%% 1992 %%%%%%%%%%%%%%%%%%%%%%%%%%%%%%%%%%%%%%%%%%%%%%%%%%%
%%%%%%%%%%%%%%%%%%%%%%%%%%%%%%%%%%%%%%%%%%%%%%%%%%%%%%%%%%%%%%%%
@article{DBLP:journals/tocs/RosenblumO92,
  author    = {Mendel Rosenblum and
               John K. Ousterhout},
  title     = {The Design and Implementation of a Log-Structured File System},
  journal   = {ACM Trans. Comput. Syst.},
  volume    = {10},
  number    = {1},
  year      = {1992},
  pages     = {26-52},
  ee        = {http://doi.acm.org/10.1145/146941.146943},
  bibsource = {DBLP, http://dblp.uni-trier.de}
}


@article{DBLP:journals/computer/LenoskiLGWGHHL92,
  author    = {Daniel Lenoski and
               James Laudon and
               Kourosh Gharachorloo and
               Wolf-Dietrich Weber and
               Anoop Gupta and
               John L. Hennessy and
               Mark Horowitz and
               Monica S. Lam},
  title     = {The Stanford {Dash} Multiprocessor},
  journal   = {IEEE Computer},
  volume    = {25},
  number    = {3},
  year      = {1992},
  pages     = {63-79},
  ee        = {http://doi.ieeecomputersociety.org/10.1109/2.121510},
  bibsource = {DBLP, http://dblp.uni-trier.de}
}

@inproceedings{DBLP:conf/isca/KeleherCZ92,
  author    = {Peter J. Keleher and
               Alan L. Cox and
               Willy Zwaenepoel},
  title     = {Lazy Release Consistency for Software Distributed Shared
               Memory},
  booktitle = ISCA92,
  year      = {1992},
  pages     = {13-21},
  ee        = {http://doi.acm.org/10.1145/139669.139676},
  bibsource = {DBLP, http://dblp.uni-trier.de}
}

@inproceedings{DBLP:conf/isca/EickenCGS92,
  author    = {Thorsten von Eicken and
               David E. Culler and
               Seth Copen Goldstein and
               Klaus E. Schauser},
  title     = {Active Messages: A Mechanism for Integrated Communication
               and Computation},
  booktitle = {ISCA},
  year      = {1992},
  pages     = {256-266},
  ee        = {http://doi.acm.org/10.1145/139669.140382},
  bibsource = {DBLP, http://dblp.uni-trier.de}
}

@article{DBLP:journals/tocs/AndersonBLL92,
  author    = {Thomas E. Anderson and
               Brian N. Bershad and
               Edward D. Lazowska and
               Henry M. Levy},
  title     = {Scheduler Activations: Effective Kernel Support for the
               User-Level Management of Parallelism},
  journal   = {ACM Trans. Comput. Syst.},
  volume    = {10},
  number    = {1},
  year      = {1992},
  pages     = {53-79},
  ee        = {http://doi.acm.org/10.1145/146941.146944},
  bibsource = {DBLP, http://dblp.uni-trier.de}
}
%%%%%%%%%%%%%%%%%%%%%%%%%%%%%%%%%%%%%%%%%%%%%%%%%%%%%%%%%%%%%%%%
%%%%%%% 1993 %%%%%%%%%%%%%%%%%%%%%%%%%%%%%%%%%%%%%%%%%%%%%%%%%%%
%%%%%%%%%%%%%%%%%%%%%%%%%%%%%%%%%%%%%%%%%%%%%%%%%%%%%%%%%%%%%%%%



@inproceedings{DBLP:conf/sigmetrics/ReinhardtHLLLW93,
  author    = {Steven K. Reinhardt and
               Mark D. Hill and
               James R. Larus and
               Alvin R. Lebeck and
               James C. Lewis and
               David A. Wood},
  title     = {The Wisconsin Wind Tunnel: Virtual Prototyping of Parallel
               Computers},
  booktitle = SIGMETRICS93,
  year      = {1993},
  pages     = {48-60},
  ee        = {http://doi.acm.org/10.1145/166955.166979},
  bibsource = {DBLP, http://dblp.uni-trier.de}
}

@inproceedings{DBLP:conf/sosp/WahbeLAG93,
  author    = {Robert Wahbe and
               Steven Lucco and
               Thomas E. Anderson and
               Susan L. Graham},
  title     = {Efficient Software-Based Fault Isolation},
  booktitle = SOSP93,
  year      = {1993},
  pages     = {203-216},
  ee        = {http://doi.acm.org/10.1145/168619.168635},
  bibsource = {DBLP, http://dblp.uni-trier.de}
}

@article{DBLP:journals/tpds/AdveH93,
  author    = {Sarita V. Adve and
               Mark D. Hill},
  title     = {A Unified Formalization of Four Shared-Memory Models},
  journal   = {IEEE Trans. Parallel Distrib. Syst.},
  volume    = {4},
  number    = {6},
  year      = {1993},
  pages     = {613-624},
  ee        = {http://doi.ieeecomputersociety.org/10.1109/71.242161},
  bibsource = {DBLP, http://dblp.uni-trier.de}
}



@article{DBLP:journals/cacm/SitesCKMR93,
  author    = {Richard L. Sites and
               Anton Chernoff and
               Matthew B. Kirk and
               Maurice P. Marks and
               Scott G. Robinson},
  title     = {Binary Translation},
  journal   = {Commun. ACM},
  volume    = {36},
  number    = {2},
  year      = {1993},
  pages     = {69-81},
  ee        = "http://dx.doi.org/10.1145/151220.151227",
  bibsource = {DBLP, http://dblp.uni-trier.de}
}

@inproceedings{DBLP:conf/sc/CullerAGKLEY93,
  author    = {David E. Culler and
               Andrea C. Arpaci-Dusseau and
               Seth Copen Goldstein and
               Arvind Krishnamurthy and
               Steven Lumetta and
               Thorsten von Eicken and
               Katherine A. Yelick},
  title     = {Parallel programming in Split-C},
  booktitle = {SC},
  year      = {1993},
  pages     = {262-273},
  ee        = {http://doi.acm.org/10.1145/169627.169724},
  bibsource = {DBLP, http://dblp.uni-trier.de}
}

%%%%%%%%%%%%%%%%%%%%%%%%%%%%%%%%%%%%%%%%%%%%%%%%%%%%%%%%%%%%%%%%
%%%%%%% 1994 %%%%%%%%%%%%%%%%%%%%%%%%%%%%%%%%%%%%%%%%%%%%%%%%%%%
%%%%%%%%%%%%%%%%%%%%%%%%%%%%%%%%%%%%%%%%%%%%%%%%%%%%%%%%%%%%%%%%



@inproceedings{DBLP:conf/isca/KuskinOHHSGCNBHGRH94,
  author    = {Jeffrey Kuskin and
               David Ofelt and
               Mark Heinrich and
               John Heinlein and
               Richard Simoni and
               Kourosh Gharachorloo and
               John Chapin and
               David Nakahira and
               Joel Baxter and
               Mark Horowitz and
               Anoop Gupta and
               Mendel Rosenblum and
               John L. Hennessy},
  title     = {{The Stanford FLASH Multiprocessor}},
  booktitle = ISCA94,
  year      = {1994},
  pages     = {302-313},
  bibsource = {DBLP, http://dblp.uni-trier.de},
  url = {http://doi.acm.org/10.1145/191995.192056}
}
% url found in acm; may not include document

@inproceedings{DBLP:conf/sigmetrics/CmelikK94,
  author    = {Robert F. Cmelik and
               David Keppel},
  title     = {Shade: A Fast Instruction-Set Simulator for Execution Profiling},
  booktitle = SIGMETRICS94,
  year      = {1994},
  pages     = {128-137},
  ee        = {http://doi.acm.org/10.1145/183018.183032},
  bibsource = {DBLP, http://dblp.uni-trier.de}
}


@inproceedings{DBLP:conf/pldi/SrivastavaE94a,
  author    = {Amitabh Srivastava and
               Alan Eustace},
  title     = {ATOM: a system for building customized program analysis
               tools (with retrospective)},
  booktitle = {Best of PLDI},
  year      = {1994},
  pages     = {528-539},
  ee        = {http://doi.acm.org/10.1145/989393.989446},
  bibsource = {DBLP, http://dblp.uni-trier.de}
}

@inproceedings{DBLP:conf/isca/ReinhardtLW94,
  author    = {Steven K. Reinhardt and
               James R. Larus and
               David A. Wood},
  title     = {{Tempest} and {Typhoon}: User-Level Shared Memory},
  booktitle = {ISCA},
  year      = {1994},
  pages     = {325-336},
  ee        = {http://doi.acm.org/10.1145/191995.192062},
  bibsource = {DBLP, http://dblp.uni-trier.de}
}

@inproceedings{DBLP:conf/sigmod/SagonasSW94a,
  author    = {Konstantinos F. Sagonas and
               Terrance Swift and
               David Scott Warren},
  title     = {XSB as a Deductive Database},
  booktitle = {SIGMOD Conference},
  year      = {1994},
  pages     = {512},
  ee        = {http://doi.acm.org/10.1145/191839.191970},
  bibsource = {DBLP, http://dblp.uni-trier.de}
}


%%%%%%%%%%%%%%%%%%%%%%%%%%%%%%%%%%%%%%%%%%%%%%%%%%%%%%%%%%%%%%%%
%%%%%%% 1995 %%%%%%%%%%%%%%%%%%%%%%%%%%%%%%%%%%%%%%%%%%%%%%%%%%%
%%%%%%%%%%%%%%%%%%%%%%%%%%%%%%%%%%%%%%%%%%%%%%%%%%%%%%%%%%%%%%%%
@inproceedings{DBLP:conf/sosp/RosenblumBHWG95,
  author    = {Mendel Rosenblum and
               Edouard Bugnion and
               Stephen Alan Herrod and
               Emmett Witchel and
               Anoop Gupta},
  title     = {{The Impact of Architectural Trends on Operating System Performance}},
  booktitle = SOSP95,
  year      = {1995},
  pages     = {285-298},
  ee        = {http://doi.acm.org/10.1145/224056.224078},
  bibsource = {DBLP, http://dblp.uni-trier.de}
}

@inproceedings{DBLP:conf/sosp/ChapinRDLTG95,
  author    = {John Chapin and
               Mendel Rosenblum and
               Scott Devine and
               Tirthankar Lahiri and
               Dan Teodosiu and
               Anoop Gupta},
  title     = {{Hive: Fault Containment for Shared-Memory Multiprocessors}},
  booktitle = SOSP95,
  year      = {1995},
  pages     = {12-25},
  ee        = {http://doi.acm.org/10.1145/224056.224059},
  bibsource = {DBLP, http://dblp.uni-trier.de}
}

@inproceedings{DBLP:conf/sosp/EnglerKO95,
  author    = {Dawson R. Engler and
               M. Frans Kaashoek and
               James O'Toole},
  title     = {{Exokernel: An Operating System Architecture for Application-Level
               Resource Management}},
  booktitle = SOSP95,
  year      = {1995},
  pages     = {251-266},
  ee        = {http://doi.acm.org/10.1145/224056.224076},
  bibsource = {DBLP, http://dblp.uni-trier.de}
}

@inproceedings{DBLP:conf/isca/WooOTSG95,
  author    = {Steven Cameron Woo and
               Moriyoshi Ohara and
               Evan Torrie and
               Jaswinder Pal Singh and
               Anoop Gupta},
  title     = {{The SPLASH-2 Programs: Characterization and Methodological
               Considerations}},
  booktitle = ISCA95,
  year      = {1995},
  pages     = {24-36},
  ee        = {http://doi.acm.org/10.1145/223982.223990},
  bibsource = {DBLP, http://dblp.uni-trier.de}
}


@inproceedings{DBLP:conf/sigmetrics/Bedichek95,
  author    = {Robert C. Bedichek},
  title     = {Talisman: Fast and Accurate Multicomputer Simulation},
  booktitle = SIGMETRICS95,
  year      = {1995},
  pages     = {14-24},
  ee        = {http://doi.acm.org/10.1145/223587.223589},
  bibsource = {DBLP, http://dblp.uni-trier.de}
}



%%%%%%%%%%%%%%%%%%%%%%%%%%%%%%%%%%%%%%%%%%%%%%%%%%%%%%%%%%%%%%%%
%%%%%%% 1996 %%%%%%%%%%%%%%%%%%%%%%%%%%%%%%%%%%%%%%%%%%%%%%%%%%%
%%%%%%%%%%%%%%%%%%%%%%%%%%%%%%%%%%%%%%%%%%%%%%%%%%%%%%%%%%%%%%%%


@article{DBLP:journals/computer/HallAAMLBL96,
  author    = {Mary W. Hall and
               Jennifer-Ann M. Anderson and
               Saman P. Amarasinghe and
               Brian R. Murphy and
               Shih-Wei Liao and
               Edouard Bugnion and
               Monica S. Lam},
  title     = {{Maximizing Multiprocessor Performance with the SUIF Compiler}},
  journal   = {IEEE Computer},
  volume    = {29},
  number    = {12},
  year      = {1996},
  pages     = {84-89},
  url = {http://dx.doi.org/10.1109/2.546613},
  bibsource = {DBLP, http://dblp.uni-trier.de}
}


@inproceedings{DBLP:conf/asplos/BugnionAMRL96,
  author    = {Edouard Bugnion and
               Jennifer-Ann M. Anderson and
               Todd C. Mowry and
               Mendel Rosenblum and
               Monica S. Lam},
  title     = {{Compiler-Directed Page Coloring for Multiprocessors}},
  booktitle = ASPLOS96,
  year      = {1996},
  pages     = {244-255},
  ee        = {http://doi.acm.org/10.1145/237090.237195},
  bibsource = {DBLP, http://dblp.uni-trier.de}
}


@article{DBLP:journals/tocs/BressoudS96,
  author    = {Thomas C. Bressoud and
               Fred B. Schneider},
  title     = {{Hypervisor-Based Fault Tolerance}},
  journal   = {ACM Trans. Comput. Syst.},
  volume    = {14},
  number    = {1},
  year      = {1996},
  pages     = {80-107},
  ee        = {http://doi.acm.org/10.1145/225535.225538},
  bibsource = {DBLP, http://dblp.uni-trier.de}
}


@inproceedings{DBLP:conf/osdi/FordHLTBC96,
  author    = {Bryan Ford and
               Mike Hibler and
               Jay Lepreau and
               Patrick Tullmann and
               Godmar Back and
               Stephen Clawson},
  title     = {{Microkernels Meet Recursive Virtual Machines}},
  booktitle = OSDI96,
  year      = {1996},
  pages     = {137-151},
  url = {http://doi.acm.org/10.1145/238721.238769},
  bibsource = {DBLP, http://dblp.uni-trier.de}
}

@inproceedings{DBLP:conf/isca/LovettC96,
  author    = {Tom Lovett and
               Russell M. Clapp},
  title     = {{STiNG: A CC-NUMA Computer System for the Commercial Marketplace}},
  booktitle = ISCA96,
  year      = {1996},
  pages     = {308-317},
  ee        = {http://doi.acm.org/10.1145/232973.233006},
  bibsource = {DBLP, http://dblp.uni-trier.de}
}

@article{DBLP:journals/cacm/RosenblumCTDLG96,
  author    = {Mendel Rosenblum and
               John Chapin and
               Dan Teodosiu and
               Scott Devine and
               Tirthankar Lahiri and
               Anoop Gupta},
  title     = {{Implementing Efficient Fault Containment for Multiprocessors:
               Confining Faults in a Shared-Memory Multiprocessor Environment}},
  journal   = {Commun. ACM},
  volume    = {39},
  number    = {9},
  year      = {1996},
  pages     = {52-61},
  ee        = "http://dx.doi.org/10.1145/234215.234471",
  bibsource = {DBLP, http://dblp.uni-trier.de},
 url = {http://doi.acm.org/10.1145/234215.234471}
}

@inproceedings{DBLP:conf/asplos/VergheseDGR96,
  author    = {Ben Verghese and
               Scott Devine and
               Anoop Gupta and
               Mendel Rosenblum},
  title     = {{Operating System Support for Improving Data Locality on
               CC-NUMA Compute Servers}},
  booktitle = ASPLOS96,
  year      = {1996},
  pages     = {279-289},
  ee        = {http://doi.acm.org/10.1145/237090.237205},
  bibsource = {DBLP, http://dblp.uni-trier.de}
}

@article{DBLP:journals/cacm/Liedtke96,
  author    = {Jochen Liedtke},
  title     = {Toward Real Microkernels: The inefficient, inflexible first
               generation inspired development of the vastly improved second
               generation, which may yet support a variety of operating
               systems},
  journal   = {Commun. ACM},
  volume    = {39},
  number    = {9},
  year      = {1996},
  pages     = {70-77},
  ee        = "http://dx.doi.org/10.1145/234215.234473",
  bibsource = {DBLP, http://dblp.uni-trier.de}
}

@inproceedings{DBLP:conf/sigmetrics/WitchelR96,
  author    = {Emmett Witchel and
               Mendel Rosenblum},
  title     = {{Embra: Fast and Flexible Machine Simulation}},
  booktitle = SIGMETRICS96,
  year      = {1996},
  pages     = {68-79},
  ee        = {http://doi.acm.org/10.1145/233013.233025},
  bibsource = {DBLP, http://dblp.uni-trier.de}
}


@inproceedings{DBLP:conf/osdi/PerlS96,
  author    = {Sharon E. Perl and
               Richard L. Sites},
  title     = {{Studies of Windows NT Performance Using Dynamic Execution
               Traces}},
  booktitle = OSDI96,
  year      = {1996},
  pages     = {169-183},
  ee        = "http://dx.doi.org/10.1145/248155.238773",
  bibsource = {DBLP, http://dblp.uni-trier.de}
}

@inproceedings{DBLP:conf/asplos/ScalesGT96,
  author    = {Daniel J. Scales and
               Kourosh Gharachorloo and
               Chandramohan A. Thekkath},
  title     = {Shasta: A Low Overhead, Software-Only Approach for Supporting
               Fine-Grain Shared Memory},
  booktitle = ASPLOS96,
  year      = {1996},
  pages     = {174-185},
  ee        = {http://doi.acm.org/10.1145/237090.237179},
  bibsource = {DBLP, http://dblp.uni-trier.de}
}


@article{DBLP:journals/csur/Jones96,
  author    = {Neil D. Jones},
  title     = {An Introduction to Partial Evaluation},
  journal   = {ACM Comput. Surv.},
  volume    = {28},
  number    = {3},
  year      = {1996},
  pages     = {480-503},
  bibsource = {DBLP, http://dblp.uni-trier.de},
  ee = "http://dx.doi.org/10.1145/243439.243447"

}

@inproceedings{DBLP:conf/isca/MukherjeeFHW96,
  author    = {Shubhendu S. Mukherjee and
               Babak Falsafi and
               Mark D. Hill and
               David A. Wood},
  title     = {Coherent Network Interfaces for Fine-Grain Communication},
  booktitle = ISCA96,
  year      = {1996},
  pages     = {247-258},
  ee        = {http://doi.acm.org/10.1145/232973.232999},
  bibsource = {DBLP, http://dblp.uni-trier.de}
}

@article{DBLP:journals/computer/AmzaCDKLRYZ96,
  author    = {Cristiana Amza and
               Alan L. Cox and
               Sandhya Dwarkadas and
               Peter J. Keleher and
               Honghui Lu and
               Ramakrishnan Rajamony and
               Weimin Yu and
               Willy Zwaenepoel},
  title     = {TreadMarks: Shared Memory Computing on Networks of Workstations},
  journal   = {IEEE Computer},
  volume    = {29},
  number    = {2},
  year      = {1996},
  pages     = {18-28},
  ee        = {http://doi.ieeecomputersociety.org/10.1109/2.485843},
  bibsource = {DBLP, http://dblp.uni-trier.de}
}
%%%%%%%%%%%%%%%%%%%%%%%%%%%%%%%%%%%%%%%%%%%%%%%%%%%%%%%%%%%%%%%%
%%%%%%% 1997 %%%%%%%%%%%%%%%%%%%%%%%%%%%%%%%%%%%%%%%%%%%%%%%%%%%
%%%%%%%%%%%%%%%%%%%%%%%%%%%%%%%%%%%%%%%%%%%%%%%%%%%%%%%%%%%%%%%%


@article{DBLP:journals/tomacs/RosenblumBDH97,
  author    = {Mendel Rosenblum and
               Edouard Bugnion and
               Scott Devine and
               Stephen Alan Herrod},
  title     = {{Using the SimOS Machine Simulator to Study Complex Computer
               Systems}},
  journal   = {ACM Trans. Model. Comput. Simul.},
  volume    = {7},
  number    = {1},
  year      = {1997},
  pages     = {78-103},
  ee        = {http://doi.acm.org/10.1145/244804.244807},
  bibsource = {DBLP, http://dblp.uni-trier.de}
}


@inproceedings{DBLP:conf/sosp/BugnionDR97,
  author    = {Edouard Bugnion and
               Scott Devine and
               Mendel Rosenblum},
  title     = {{Disco: Running Commodity Operating Systems on Scalable Multiprocessors}},
  booktitle = SOSP97,
  year      = {1997},
  pages     = {143-156},
  ee        = {http://doi.acm.org/10.1145/268998.266672},
  bibsource = {DBLP, http://dblp.uni-trier.de}
}


@article{DBLP:journals/tocs/BugnionDGR97,
  author    = {Edouard Bugnion and
               Scott Devine and
               Kinshuk Govil and
               Mendel Rosenblum},
  title     = {{Disco: Running Commodity Operating Systems on Scalable Multiprocessors}},
  journal   = {ACM Trans. Comput. Syst.},
  volume    = {15},
  number    = {4},
  year      = {1997},
  pages     = {412-447},
  ee        = {http://doi.acm.org/10.1145/265924.265930},
  bibsource = {DBLP, http://dblp.uni-trier.de}
}

@inproceedings{DBLP:conf/sosp/KaashoekEGBHMPGM97,
  author    = {M. Frans Kaashoek and
               Dawson R. Engler and
               Gregory R. Ganger and
               H{\'e}ctor M. Brice{\~n}o and
               Russell Hunt and
               David Mazi{\`e}res and
               Thomas Pinckney and
               Robert Grimm and
               John Jannotti and
               Kenneth Mackenzie},
  title     = {{Application Performance and Flexibility on Exokernel Systems}},
  booktitle = SOSP97,
  year      = {1997},
  pages     = {52-65},
  ee        = {http://doi.acm.org/10.1145/268998.266644},
  bibsource = {DBLP, http://dblp.uni-trier.de}
}

@inproceedings{DBLP:conf/isca/EbciogluA97,
  author    = {Kemal Ebcioglu and
               Erik R. Altman},
  title     = {{DAISY: Dynamic Compilation for 100\% Architectural Compatibility}},
  booktitle = ISCA97,
  year      = {1997},
  pages     = {26-37},
  ee        = {http://doi.acm.org/10.1145/264107.264126},
  bibsource = {DBLP, http://dblp.uni-trier.de}
}

@inproceedings{DBLP:conf/isca/LaudonL97,
  author    = {James Laudon and
               Daniel Lenoski},
  title     = {{The SGI Origin: A ccNUMA Highly Scalable Server}},
  booktitle = ISCA97,
  year      = {1997},
  pages     = {241-251},
  ee        = {http://doi.acm.org/10.1145/264107.264206},
  bibsource = {DBLP, http://dblp.uni-trier.de}
}


@inproceedings{DBLP:conf/stoc/KargerLLPLL97,
  author    = {David R. Karger and
               Eric Lehman and
               Frank Thomson Leighton and
               Rina Panigrahy and
               Matthew S. Levine and
               Daniel Lewin},
  title     = {Consistent Hashing and Random Trees: Distributed Caching
               Protocols for Relieving Hot Spots on the World Wide Web},
  booktitle = {STOC},
  year      = {1997},
  pages     = {654-663},
  ee        = {http://doi.acm.org/10.1145/258533.258660},
  bibsource = {DBLP, http://dblp.uni-trier.de}
}


@inproceedings{DBLP:conf/im/MerweL97,
  author    = {Jacobus E. van der Merwe and
               Ian M. Leslie},
  title     = {Switchlets and Dynamic Virtual ATM Networks},
  booktitle = {Integrated Network Management},
  year      = {1997},
  pages     = {355-368},
  bibsource = {DBLP, http://dblp.uni-trier.de}
}

@inproceedings{DBLP:conf/isca/FalsafiW97,
  author    = {Babak Falsafi and
               David A. Wood},
  title     = {Reactive NUMA: A Design for Unifying S-COMA and CC-NUMA},
  booktitle = ISCA97,
  year      = {1997},
  pages     = {229-240},
  ee        = {http://doi.acm.org/10.1145/264107.264205},
  bibsource = {DBLP, http://dblp.uni-trier.de}
}

@inproceedings{DBLP:conf/sosp/StetsDHHKPS97,
  author    = {Robert Stets and
               Sandhya Dwarkadas and
               Nikos Hardavellas and
               Galen C. Hunt and
               Leonidas I. Kontothanassis and
               Srinivasan Parthasarathy and
               Michael L. Scott},
  title     = {{Cashmere-2L}: Software Coherent Shared Memory on a Clustered
               Remote-Write Network},
  booktitle = SOSP97,
  year      = {1997},
  pages     = {170-183},
  ee        = {http://doi.acm.org/10.1145/268998.266675},
  bibsource = {DBLP, http://dblp.uni-trier.de}
}


%%%%%%%%%%%%%%%%%%%%%%%%%%%%%%%%%%%%%%%%%%%%%%%%%%%%%%%%%%%%%%%%
%%%%%%% 1998 %%%%%%%%%%%%%%%%%%%%%%%%%%%%%%%%%%%%%%%%%%%%%%%%%%%
%%%%%%%%%%%%%%%%%%%%%%%%%%%%%%%%%%%%%%%%%%%%%%%%%%%%%%%%%%%%%%%%

@inproceedings{DBLP:conf/isca/BarrosoGB98,
  author    = {Luiz Andr{\'e} Barroso and
               Kourosh Gharachorloo and
               Edouard Bugnion},
  title     = {{Memory System Characterization of Commercial Workloads}},
  booktitle = ISCA98,
  year      = {1998},
  pages     = {3-14},
  ee        = {http://doi.acm.org/10.1145/279358.279363},
  bibsource = {DBLP, http://dblp.uni-trier.de}
}


%%%%%%%%%%%%%%%%%%%%%%%%%%%%%%%%%%%%%%%%%%%%%%%%%%%%%%%%%%%%%%%%
%%%%%%% 1999 %%%%%%%%%%%%%%%%%%%%%%%%%%%%%%%%%%%%%%%%%%%%%%%%%%%
%%%%%%%%%%%%%%%%%%%%%%%%%%%%%%%%%%%%%%%%%%%%%%%%%%%%%%%%%%%%%%%%

@inproceedings{DBLP:conf/sosp/GovilTHR99,
  author    = {Kinshuk Govil and
               Dan Teodosiu and
               Yongqiang Huang and
               Mendel Rosenblum},
  title     = {Cellular Disco: resource management using virtual clusters
               on shared-memory multiprocessors},
  booktitle = SOSP99,
  year      = {1999},
  pages     = {154-169},
  ee        = {http://doi.acm.org/10.1145/319151.319162},
  bibsource = {DBLP, http://dblp.uni-trier.de}
}

@inproceedings{DBLP:conf/osdi/CastroL99,
  author    = {Miguel Castro and
               Barbara Liskov},
  title     = {Practical Byzantine Fault Tolerance},
  booktitle = {OSDI},
  year      = {1999},
  pages     = {173-186},
  ee        = {http://doi.acm.org/10.1145/296806.296824},
  bibsource = {DBLP, http://dblp.uni-trier.de}
}

@inproceedings{DBLP:conf/vldb/AilamakiDHW99,
  author    = {Anastassia Ailamaki and
               David J. DeWitt and
               Mark D. Hill and
               David A. Wood},
  title     = {DBMSs on a Modern Processor: Where Does Time Go?},
  booktitle = {VLDB},
  year      = {1999},
  pages     = {266-277},
  ee        = {http://www.vldb.org/conf/1999/P28.pdf},
  bibsource = {DBLP, http://dblp.uni-trier.de}
}

@article{DBLP:journals/computer/DahlgrenT99,
  author    = {Fredrik Dahlgren and
               Josep Torrellas},
  title     = {Cache-Only Memory Architectures},
  journal   = {IEEE Computer},
  volume    = {32},
  number    = {6},
  year      = {1999},
  pages     = {72-79},
  ee        = {http://doi.ieeecomputersociety.org/10.1109/2.769448},
  bibsource = {DBLP, http://dblp.uni-trier.de}
}
%%%%%%%%%%%%%%%%%%%%%%%%%%%%%%%%%%%%%%%%%%%%%%%%%%%%%%%%%%%%%%%%
%%%%%%% 2000 %%%%%%%%%%%%%%%%%%%%%%%%%%%%%%%%%%%%%%%%%%%%%%%%%%%
%%%%%%%%%%%%%%%%%%%%%%%%%%%%%%%%%%%%%%%%%%%%%%%%%%%%%%%%%%%%%%%%



@article{DBLP:journals/tocs/GovilTHR00,
  author    = {Kinshuk Govil and
               Dan Teodosiu and
               Yongqiang Huang and
               Mendel Rosenblum},
  title     = {{Cellular Disco: resource management using virtual clusters
               on shared-memory multiprocessors}},
  journal   = {ACM Trans. Comput. Syst.},
  volume    = {18},
  number    = {3},
  year      = {2000},
  pages     = {229-262},
  ee        = {http://doi.acm.org/10.1145/354871.354873},
  bibsource = {DBLP, http://dblp.uni-trier.de}
}

@inproceedings{DBLP:conf/pldi/BalaDB00,
  author    = {Vasanth Bala and
               Evelyn Duesterwald and
               Sanjeev Banerjia},
  title     = {Dynamo: a transparent dynamic optimization system},
  booktitle = {PLDI},
  year      = {2000},
  pages     = {1-12},
  ee        = {http://doi.acm.org/10.1145/349299.349303},
  bibsource = {DBLP, http://dblp.uni-trier.de}
}

@inproceedings{DBLP:conf/podc/Brewer00,
  author    = {Eric A. Brewer},
  title     = {Towards robust distributed systems (abstract)},
  booktitle = {PODC},
  year      = {2000},
  pages     = {7},
  ee        = {http://doi.acm.org/10.1145/343477.343502},
  bibsource = {DBLP, http://dblp.uni-trier.de}
}

@article{DBLP:journals/tocs/KohlerMCJK00,
  author    = {Eddie Kohler and
               Robert Morris and
               Benjie Chen and
               John Jannotti and
               M. Frans Kaashoek},
  title     = {The click modular router},
  journal   = {ACM Trans. Comput. Syst.},
  volume    = {18},
  number    = {3},
  year      = {2000},
  pages     = {263-297},
  ee        = {http://doi.acm.org/10.1145/354871.354874},
  bibsource = {DBLP, http://dblp.uni-trier.de}
}

%%%%%%%%%%%%%%%%%%%%%%%%%%%%%%%%%%%%%%%%%%%%%%%%%%%%%%%%%%%%%%%%
%%%%%%% 2001 %%%%%%%%%%%%%%%%%%%%%%%%%%%%%%%%%%%%%%%%%%%%%%%%%%%
%%%%%%%%%%%%%%%%%%%%%%%%%%%%%%%%%%%%%%%%%%%%%%%%%%%%%%%%%%%%%%%%


@inproceedings{DBLP:conf/usenix/SugermanVL01,
  author    = {Jeremy Sugerman and
               Ganesh Venkitachalam and
               Beng-Hong Lim},
  title     = {{Virtualizing I/O Devices on VMware Workstation's Hosted
               Virtual Machine Monitor}},
  booktitle = {USENIX Annual Technical Conference, General Track},
  year      = {2001},
  pages     = {1-14},
  ee        = {http://www.usenix.org/publications/library/proceedings/usenix01/sugerman.html},
  bibsource = {DBLP, http://dblp.uni-trier.de}
}


@inproceedings{DBLP:conf/hase/BuchackerS01,
  author    = {Kerstin Buchacker and
               Volkmar Sieh},
  title     = {Framework for Testing the Fault-Tolerance of Systems Including
               OS and Network Aspects},
  booktitle = HASE01,
  year      = {2001},
  pages     = {95-105},
  bibsource = {DBLP, http://dblp.uni-trier.de}
}

@inproceedings{DBLP:conf/sigcomm/StoicaMKKB01,
  author    = {Ion Stoica and
               Robert Morris and
               David R. Karger and
               M. Frans Kaashoek and
               Hari Balakrishnan},
  title     = {Chord: A scalable peer-to-peer lookup service for internet
               applications},
  booktitle = {SIGCOMM},
  year      = {2001},
  pages     = {149-160},
  ee        = {http://doi.acm.org/10.1145/383059.383071},
  bibsource = {DBLP, http://dblp.uni-trier.de}
}

@inproceedings{DBLP:conf/sigcomm/RatnasamyFHKS01,
  author    = {Sylvia Ratnasamy and
               Paul Francis and
               Mark Handley and
               Richard M. Karp and
               Scott Shenker},
  title     = {A scalable content-addressable network},
  booktitle = {SIGCOMM},
  year      = {2001},
  pages     = {161-172},
  ee        = {http://doi.acm.org/10.1145/383059.383072},
  bibsource = {DBLP, http://dblp.uni-trier.de}
}

@article{DBLP:journals/internet/Brewer01,
  author    = {Eric A. Brewer},
  title     = {Lessons from Giant-Scale Services},
  journal   = {IEEE Internet Computing},
  volume    = {5},
  number    = {4},
  year      = {2001},
  pages     = {46-55},
  ee        = {http://doi.ieeecomputersociety.org/10.1109/4236.939450},
  bibsource = {DBLP, http://dblp.uni-trier.de}
}

@inproceedings{DBLP:conf/sosp/AndersenBKM01,
  author    = {David G. Andersen and
               Hari Balakrishnan and
               M. Frans Kaashoek and
               Robert Morris},
  title     = {Resilient Overlay Networks},
  booktitle = {SOSP},
  year      = {2001},
  pages     = {131-145},
  ee        = {http://doi.acm.org/10.1145/502034.502048},
  bibsource = {DBLP, http://dblp.uni-trier.de}
}

%%%%%%%%%%%%%%%%%%%%%%%%%%%%%%%%%%%%%%%%%%%%%%%%%%%%%%%%%%%%%%%%
%%%%%%% 2002 %%%%%%%%%%%%%%%%%%%%%%%%%%%%%%%%%%%%%%%%%%%%%%%%%%%
%%%%%%%%%%%%%%%%%%%%%%%%%%%%%%%%%%%%%%%%%%%%%%%%%%%%%%%%%%%%%%%%

@inproceedings{DBLP:conf/osdi/WhitakerSG02,
  author    = {Andrew Whitaker and
               Marianne Shaw and
               Steven D. Gribble},
  title     = {{Scale and Performance in the Denali Isolation Kernel}},
  booktitle = OSDI02,
  year      = {2002},
  ee        = {http://www.usenix.org/events/osdi02/tech/whitaker.html},
  bibsource = {DBLP, http://dblp.uni-trier.de}
}

@inproceedings{DBLP:conf/osdi/Waldspurger02,
  author    = {Carl A. Waldspurger},
  title     = {{Memory Resource Management in VMware ESX Server}},
  booktitle = OSDI02,
  year      = {2002},
  ee        = {http://www.usenix.org/events/osdi02/tech/waldspurger.html},
  bibsource = {DBLP, http://dblp.uni-trier.de}
}


@inproceedings{DBLP:conf/edcc/SiehB02,
  author    = {Volkmar Sieh and
               Kerstin Buchacker},
  title     = {{UMLinux - A Versatile SWIFI Tool}},
  booktitle = EDCC02,
  year      = {2002},
  pages     = {159-171},
  ee        = {http://dx.doi.org/10.1007/3-540-36080-8_16},
  bibsource = {DBLP, http://dblp.uni-trier.de}
}

@inproceedings{DBLP:conf/osdi/SapuntzakisCPCLR02,
  author    = {Constantine P. Sapuntzakis and
               Ramesh Chandra and
               Ben Pfaff and
               Jim Chow and
               Monica S. Lam and
               Mendel Rosenblum},
  title     = {Optimizing the Migration of Virtual Computers},
  booktitle = OSDI02,
  year      = {2002},
  ee        = {http://www.usenix.org/events/osdi02/tech/sapuntzakis.html},
  bibsource = {DBLP, http://dblp.uni-trier.de}
}

@inproceedings{DBLP:conf/sigcomm/EstanV02,
  author    = {Cristian Estan and
               George Varghese},
  title     = {New directions in traffic measurement and accounting},
  booktitle = {SIGCOMM},
  year      = {2002},
  pages     = {323-336},
  ee        = {http://doi.acm.org/10.1145/633025.633056},
  bibsource = {DBLP, http://dblp.uni-trier.de}
}

@article{DBLP:journals/tocs/CastroL02,
  author    = {Miguel Castro and
               Barbara Liskov},
  title     = {Practical byzantine fault tolerance and proactive recovery},
  journal   = {ACM Trans. Comput. Syst.},
  volume    = {20},
  number    = {4},
  year      = {2002},
  pages     = {398-461},
  ee        = {http://doi.acm.org/10.1145/571637.571640},
  bibsource = {DBLP, http://dblp.uni-trier.de}
}


@article{DBLP:journals/computer/BeniniM02,
  author    = {Luca Benini and
               Giovanni De Micheli},
  title     = {Networks on Chips: A New SoC Paradigm},
  journal   = {IEEE Computer},
  volume    = {35},
  number    = {1},
  year      = {2002},
  pages     = {70-78},
  ee        = {http://doi.ieeecomputersociety.org/10.1109/2.976921},
  bibsource = {DBLP, http://dblp.uni-trier.de}
}

@article{DBLP:journals/micro/MukherjeeBLSW02,
  author    = {Shubhendu S. Mukherjee and
               Peter J. Bannon and
               Steven Lang and
               Aaron Spink and
               David Webb},
  title     = {{The Alpha 21364 Network Architecture}},
  journal   = {IEEE Micro},
  volume    = {22},
  number    = {1},
  year      = {2002},
  pages     = {26-35},
  ee        = {http://doi.ieeecomputersociety.org/10.1109/40.988687},
  bibsource = {DBLP, http://dblp.uni-trier.de}
}


%%%%%%%%%%%%%%%%%%%%%%%%%%%%%%%%%%%%%%%%%%%%%%%%%%%%%%%%%%%%%%%%
%%%%%%% 2003 %%%%%%%%%%%%%%%%%%%%%%%%%%%%%%%%%%%%%%%%%%%%%%%%%%%
%%%%%%%%%%%%%%%%%%%%%%%%%%%%%%%%%%%%%%%%%%%%%%%%%%%%%%%%%%%%%%%%

@inproceedings{DBLP:conf/sosp/BarhamDFHHHN03,
  author    = {Paul Barham and
               Boris Dragovic and
               Keir Fraser and
               Steven Hand and
               Timothy L. Harris and
               Alex Ho and
               Rolf Neugebauer and
               Ian Pratt and
               Andrew Warfield},
  title     = {{Xen and the art of virtualization}},
  booktitle = SOSP03,
  year      = {2003},
  pages     = {164-177},
  ee        = {http://doi.acm.org/10.1145/945445.945462},
  bibsource = {DBLP, http://dblp.uni-trier.de}
}


@inproceedings{DBLP:conf/usenix/KingDC03,
  author    = {Samuel T. King and
               George W. Dunlap and
               Peter M. Chen},
  title     = {Operating System Support for Virtual Machines},
  booktitle = {USENIX Annual Technical Conference, General Track},
  year      = {2003},
  pages     = {71-84},
  ee        = {http://www.usenix.org/events/usenix03/tech/king.html},
  bibsource = {DBLP, http://dblp.uni-trier.de}
}


@inproceedings{DBLP:conf/cgo/DehnertGBJKKM03,
  author    = {James C. Dehnert and
               Brian Grant and
               John P. Banning and
               Richard Johnson and
               Thomas Kistler and
               Alexander Klaiber and
               Jim Mattson},
  title     = {{The Transmeta Code Morphing - Software: Using Speculation,
               Recovery, and Adaptive Retranslation to Address Real-Life
               Challenges}},
  booktitle = CGO03,
  year      = {2003},
  pages     = {15-24},
  ee        = {http://csdl.computer.org/comp/proceedings/cgo/2003/1913/00/19130015abs.htm},
  bibsource = {DBLP, http://dblp.uni-trier.de}
}


@inproceedings{DBLP:conf/sosp/GarfinkelPCRB03,
  author    = {Tal Garfinkel and
               Ben Pfaff and
               Jim Chow and
               Mendel Rosenblum and
               Dan Boneh},
  title     = {Terra: a virtual machine-based platform for trusted computing},
  booktitle = SOSP03,
  year      = {2003},
  pages     = {193-206},
  ee        = {http://doi.acm.org/10.1145/945445.945464},
 bibsource = {DBLP, http://dblp.uni-trier.de}
}

@inproceedings{DBLP:conf/lisa/SapuntzakisBCZCLR03,
  author    = {Constantine P. Sapuntzakis and
               David Brumley and
               Ramesh Chandra and
               Nickolai Zeldovich and
               Jim Chow and
               Monica S. Lam and
               Mendel Rosenblum},
  title     = {Virtual Appliances for Deploying and Maintaining Software},
  booktitle = LISA03,
  year      = {2003},
  pages     = {181-194},
  ee        = {http://www.usenix.org/publications/library/proceedings/lisa03/tech/sapuntzakis.html},
  bibsource = {DBLP, http://dblp.uni-trier.de}
}


@inproceedings{DBLP:conf/sosp/GhemawatGL03,
  author    = {Sanjay Ghemawat and
               Howard Gobioff and
               Shun-Tak Leung},
  title     = {{The Google file system}},
  booktitle = SOSP03,
  year      = {2003},
  pages     = {29-43},
  ee        = {http://doi.acm.org/10.1145/945445.945450},
  bibsource = {DBLP, http://dblp.uni-trier.de}
}
%%%%%%%%%%%%%%%%%%%%%%%%%%%%%%%%%%%%%%%%%%%%%%%%%%%%%%%%%%%%%%%%
%%%%%%% 2004 %%%%%%%%%%%%%%%%%%%%%%%%%%%%%%%%%%%%%%%%%%%%%%%%%%%
%%%%%%%%%%%%%%%%%%%%%%%%%%%%%%%%%%%%%%%%%%%%%%%%%%%%%%%%%%%%%%%%

@article{DBLP:journals/queue/Rosenblum04,
  author    = {Mendel Rosenblum},
  title     = {{The Reincarnation of Virtual Machines}},
  journal   = {ACM Queue},
  volume    = {2},
  number    = {5},
  year      = {2004},
  pages     = {34-40},
  ee        = {http://doi.acm.org/10.1145/1016998.1017000},
  bibsource = {DBLP, http://dblp.uni-trier.de}
}

@inproceedings{DBLP:conf/osdi/LevasseurUSG04,
  author    = {Joshua LeVasseur and
               Volkmar Uhlig and
               Jan Stoess and
               Stefan G{\"o}tz},
  title     = {{Unmodified Device Driver Reuse and Improved System Dependability
               via Virtual Machines}},
  booktitle = OSDI04,
  year      = {2004},
  pages     = {17-30},
  ee        = {http://www.usenix.org/events/osdi04/tech/levasseur.html},
  bibsource = {DBLP, http://dblp.uni-trier.de}
}


@inproceedings{DBLP:conf/jvm/TuckerC04,
  author    = {Andrew Tucker and
               David Comay},
  title     = {Solaris Zones: Operating System Support for Server Consolidation},
  booktitle = {Virtual Machine Research and Technology Symposium},
  year      = {2004},
  ee        = {http://www.usenix.org/publications/library/proceedings/vm04/wips/tucker.pdf},
  bibsource = {DBLP, http://dblp.uni-trier.de}
}


@inproceedings{DBLP:conf/sigcomm/BalakrishnanLRSSW04,
  author    = {Hari Balakrishnan and
               Karthik Lakshminarayanan and
               Sylvia Ratnasamy and
               Scott Shenker and
               Ion Stoica and
               Michael Walfish},
  title     = {A layered naming architecture for the internet},
  booktitle = {SIGCOMM},
  year      = {2004},
  pages     = {343-352},
  ee        = {http://doi.acm.org/10.1145/1015467.1015505},
  bibsource = {DBLP, http://dblp.uni-trier.de}
}


@inproceedings{DBLP:conf/osdi/CandeaKFFF04,
  author    = {George Candea and
               Shinichi Kawamoto and
               Yuichi Fujiki and
               Greg Friedman and
               Armando Fox},
  title     = {Microreboot - A Technique for Cheap Recovery},
  booktitle = {OSDI},
  year      = {2004},
  pages     = {31-44},
  ee        = {http://www.usenix.org/events/osdi04/tech/candea.html},
  bibsource = {DBLP, http://dblp.uni-trier.de}
}

@inproceedings{DBLP:conf/usenix/CantrillSL04,
  author    = {Bryan Cantrill and
               Michael W. Shapiro and
               Adam H. Leventhal},
  title     = {Dynamic Instrumentation of Production Systems},
  booktitle = {USENIX Annual Technical Conference, General Track},
  year      = {2004},
  pages     = {15-28},
  ee        = {http://www.usenix.org/publications/library/proceedings/usenix04/tech/general/cantrill.html},
  bibsource = {DBLP, http://dblp.uni-trier.de}
}

%%%%%%%%%%%%%%%%%%%%%%%%%%%%%%%%%%%%%%%%%%%%%%%%%%%%%%%%%%%%%%%%
%%%%%%% 2005 %%%%%%%%%%%%%%%%%%%%%%%%%%%%%%%%%%%%%%%%%%%%%%%%%%%
%%%%%%%%%%%%%%%%%%%%%%%%%%%%%%%%%%%%%%%%%%%%%%%%%%%%%%%%%%%%%%%%

@inproceedings{DBLP:conf/usenix/NelsonLH05,
  author    = {Michael Nelson and
               Beng-Hong Lim and
               Greg Hutchins},
  title     = {{Fast Transparent Migration for Virtual Machines}},
  booktitle = {USENIX Annual Technical Conference, General Track},
  year      = {2005},
  pages     = {391-394},
  ee        = {http://www.usenix.org/events/usenix05/tech/general/nelson.html},
  bibsource = {DBLP, http://dblp.uni-trier.de}
}

@article{DBLP:journals/computer/RosenblumG05,
  author    = {Mendel Rosenblum and
               Tal Garfinkel},
  title     = {{Virtual Machine Monitors: Current Technology and Future
               Trends}},
  journal   = {IEEE Computer},
  volume    = {38},
  number    = {5},
  year      = {2005},
  pages     = {39-47},
  ee        = {http://doi.ieeecomputersociety.org/10.1109/MC.2005.176},
  bibsource = {DBLP, http://dblp.uni-trier.de}
}

@article{DBLP:journals/computer/UhligNRSMABKLS05,
  author    = {Rich Uhlig and
               Gil Neiger and
               Dion Rodgers and
               Amy L. Santoni and
               Fernando C. M. Martins and
               Andrew V. Anderson and
               Steven M. Bennett and
               Alain K{\"a}gi and
               Felix H. Leung and
               Larry Smith},
  title     = {{Intel Virtualization Technology}},
  journal   = {IEEE Computer},
  volume    = {38},
  number    = {5},
  year      = {2005},
  pages     = {48-56},
  ee        = {http://doi.ieeecomputersociety.org/10.1109/MC.2005.163},
  bibsource = {DBLP, http://dblp.uni-trier.de}
}

@article{DBLP:journals/computer/WhitakerCSG05,
  author    = {Andrew Whitaker and
               Richard S. Cox and
               Marianne Shaw and
               Steven D. Gribble},
  title     = {{Rethinking the Design of Virtual Machine Monitors}},
  journal   = {IEEE Computer},
  volume    = {38},
  number    = {5},
  year      = {2005},
  pages     = {57-62},
  ee        = {http://doi.ieeecomputersociety.org/10.1109/MC.2005.169},
  bibsource = {DBLP, http://dblp.uni-trier.de}
}

@inproceedings{DBLP:conf/usenix/Bellard05,
  author    = {Fabrice Bellard},
  title     = {{QEMU, a Fast and Portable Dynamic Translator}},
  booktitle = {USENIX Annual Technical Conference, FREENIX Track},
  year      = {2005},
  pages     = {41-46},
  ee        = {http://www.usenix.org/events/usenix05/tech/freenix/bellard.html},
  bibsource = {DBLP, http://dblp.uni-trier.de}
}

@inproceedings{DBLP:conf/nsdi/ClarkFHHJLPW05,
  author    = {Christopher Clark and
               Keir Fraser and
               Steven Hand and
               Jacob Gorm Hansen and
               Eric Jul and
               Christian Limpach and
               Ian Pratt and
               Andrew Warfield},
  title     = {Live Migration of Virtual Machines},
  booktitle = NSDI05,
  year      = {2005},
  ee        = {http://www.usenix.org/events/nsdi05/tech/clark.html},
  bibsource = {DBLP, http://dblp.uni-trier.de}
}

@inproceedings{DBLP:conf/nsdi/ChandraZSL05,
  author    = {Ramesh Chandra and
               Nickolai Zeldovich and
               Constantine P. Sapuntzakis and
               Monica S. Lam},
  title     = {{The Collective: A Cache-Based System Management Architecture}},
  booktitle = NSDI05,
  year      = {2005},
  ee        = {http://www.usenix.org/events/nsdi05/tech/chandra.html},
  bibsource = {DBLP, http://dblp.uni-trier.de}
}

@article{DBLP:journals/cacm/Denning05a,
  author    = {Peter J. Denning},
  title     = {The locality principle},
  journal   = {Commun. ACM},
  volume    = {48},
  number    = {7},
  year      = {2005},
  pages     = {19-24},
  ee        = {http://doi.acm.org/10.1145/1070838.1070856},
  bibsource = {DBLP, http://dblp.uni-trier.de}
}

@inproceedings{DBLP:conf/usenix/ChapmanH05,
  author    = {Matthew Chapman and
               Gernot Heiser},
  title     = {Implementing Transparent Shared Memory on Clusters Using
               Virtual Machines},
  booktitle = {USENIX Annual Technical Conference, General Track},
  year      = {2005},
  pages     = {383-386},
  ee        = {http://www.usenix.org/events/usenix05/tech/general/chapman.html},
  bibsource = {DBLP, http://dblp.uni-trier.de}
}

@inproceedings{DBLP:conf/isca/KimDTG05,
  author    = {John Kim and
               William J. Dally and
               Brian Towles and
               Amit K. Gupta},
  title     = {Microarchitecture of a High-Radix Router},
  booktitle = {ISCA},
  year      = {2005},
  pages     = {420-431},
  ee        = {http://doi.ieeecomputersociety.org/10.1109/ISCA.2005.35},
  bibsource = {DBLP, http://dblp.uni-trier.de}
}

@inproceedings{DBLP:conf/sigmetrics/ChenDQSWG05,
  author    = {Yiyu Chen and
               Amitayu Das and
               Wubi Qin and
               Anand Sivasubramaniam and
               Qian Wang and
               Natarajan Gautam},
  title     = {Managing server energy and operational costs in hosting
               centers},
  booktitle = {SIGMETRICS},
  year      = {2005},
  pages     = {303-314},
  ee        = {http://doi.acm.org/10.1145/1064212.1064253},
  bibsource = {DBLP, http://dblp.uni-trier.de}
}

@inproceedings{DBLP:conf/nsdi/CaesarCFRSM05,
  author    = {Matthew Caesar and
               Donald F. Caldwell and
               Nick Feamster and
               Jennifer Rexford and
               Aman Shaikh and
               Jacobus E. van der Merwe},
  title     = {Design and Implementation of a Routing Control Platform},
  booktitle = {NSDI},
  year      = {2005},
  ee        = {http://www.usenix.org/events/nsdi05/tech/caesar.html},
  bibsource = {DBLP, http://dblp.uni-trier.de}
}

%%%%%%%%%%%%%%%%%%%%%%%%%%%%%%%%%%%%%%%%%%%%%%%%%%%%%%%%%%%%%%%%
%%%%%%% 2006 %%%%%%%%%%%%%%%%%%%%%%%%%%%%%%%%%%%%%%%%%%%%%%%%%%%
%%%%%%%%%%%%%%%%%%%%%%%%%%%%%%%%%%%%%%%%%%%%%%%%%%%%%%%%%%%%%%%%


@inproceedings{DBLP:conf/asplos/Rosenblum06,
  author    = {Mendel Rosenblum},
  title     = {Impact of virtualization on computer architecture and operating
               systems},
  booktitle = ASPLOS06,
  year      = {2006},
  pages     = {1},
  ee        = {http://doi.acm.org/10.1145/1168857.1168858},
  bibsource = {DBLP, http://dblp.uni-trier.de}
}

@inproceedings{DBLP:conf/asplos/AdamsA06,
  author    = {Keith Adams and
               Ole Agesen},
  title     = {{A comparison of software and hardware techniques for x86
               virtualization}},
  booktitle = ASPLOS06,
  year      = {2006},
  pages     = {2-13},
  ee        = {http://doi.acm.org/10.1145/1168857.1168860},
  bibsource = {DBLP, http://dblp.uni-trier.de}
}


@inproceedings{DBLP:conf/usenix/LiuHAP06,
  author    = {Jiuxing Liu and
               Wei Huang and
               B{\"u}lent Abali and
               Dhabaleswar K. Panda},
  title     = {{High Performance VMM-Bypass I/O in Virtual Machines}},
  booktitle = {USENIX Annual Technical Conference, General Track},
  year      = {2006},
  pages     = {29-42},
  ee        = {http://www.usenix.org/events/usenix06/tech/liu.html},
  bibsource = {DBLP, http://dblp.uni-trier.de}
}

@inproceedings{DBLP:conf/sp/KingCWVWL06,
  author    = {Samuel T. King and
               Peter M. Chen and
               Yi-Min Wang and
               Chad Verbowski and
               Helen J. Wang and
               Jacob R. Lorch},
  title     = {SubVirt: Implementing malware with virtual machines},
  booktitle = {IEEE Symposium on Security and Privacy},
  year      = {2006},
  pages     = {314-327},
  ee        = {http://doi.ieeecomputersociety.org/10.1109/SP.2006.38},
  bibsource = {DBLP, http://dblp.uni-trier.de}
}

@inproceedings{DBLP:conf/nsdi/PfaffGR06,
  author    = {Ben Pfaff and
               Tal Garfinkel and
               Mendel Rosenblum},
  title     = {Virtualization Aware File Systems: Getting Beyond the Limitations
               of Virtual Disks},
  booktitle = NSDI06,
  year      = {2006},
  ee        = {http://www.usenix.org/events/nsdi06/tech/pfaff.html},
  bibsource = {DBLP, http://dblp.uni-trier.de}
}

@inproceedings{DBLP:conf/usenix/MenonCZ06,
  author    = {Aravind Menon and
               Alan L. Cox and
               Willy Zwaenepoel},
  title     = {Optimizing Network Virtualization in Xen (awarded best paper)},
  booktitle = {USENIX Annual Technical Conference, General Track},
  year      = {2006},
  pages     = {15-28},
  ee        = {http://www.usenix.org/events/usenix06/tech/menon.html},
  bibsource = {DBLP, http://dblp.uni-trier.de}
}

@inproceedings{DBLP:conf/micro/SahaAJ06,
  author    = {Bratin Saha and
               Ali-Reza Adl-Tabatabai and
               Quinn Jacobson},
  title     = {Architectural Support for Software Transactional Memory},
  booktitle = {MICRO},
  year      = {2006},
  pages     = {185-196},
  ee        = {http://doi.ieeecomputersociety.org/10.1109/MICRO.2006.9},
  bibsource = {DBLP, http://dblp.uni-trier.de}
}

@article{DBLP:journals/cacm/LarusK08,
  author    = {James R. Larus and
               Christos Kozyrakis},
  title     = {Transactional memory},
  journal   = {Commun. ACM},
  volume    = {51},
  number    = {7},
  year      = {2008},
  pages     = {80-88},
  ee        = {http://doi.acm.org/10.1145/1364782.1364800},
  bibsource = {DBLP, http://dblp.uni-trier.de}
}

@inproceedings{DBLP:conf/asplos/HeathCGRJ06,
  author    = {Taliver Heath and
               Ana Paula Centeno and
               Pradeep George and
               Luiz E. Ramos and
               Yogesh Jaluria and
               Ricardo Bianchini},
  title     = {Mercury and freon: temperature emulation and management
               for server systems},
  booktitle = {ASPLOS},
  year      = {2006},
  pages     = {106-116},
  ee        = {http://doi.acm.org/10.1145/1168857.1168872},
  bibsource = {DBLP, http://dblp.uni-trier.de}
}
%%%%%%%%%%%%%%%%%%%%%%%%%%%%%%%%%%%%%%%%%%%%%%%%%%%%%%%%%%%%%%%%
%%%%%%% 2007 %%%%%%%%%%%%%%%%%%%%%%%%%%%%%%%%%%%%%%%%%%%%%%%%%%%
%%%%%%%%%%%%%%%%%%%%%%%%%%%%%%%%%%%%%%%%%%%%%%%%%%%%%%%%%%%%%%%%

@inproceedings{DBLP:conf/hotos/GarfinkelAWF07,
  author    = {Tal Garfinkel and
               Keith Adams and
               Andrew Warfield and
               Jason Franklin},
  title     = {Compatibility Is Not Transparency: VMM Detection Myths and
               Realities},
  booktitle = {HotOS},
  year      = {2007},
  ee        = {http://www.usenix.org/events/hotos07/tech/full_papers/garfinkel/garfinkel.pdf},
  bibsource = {DBLP, http://dblp.uni-trier.de}
}

@inproceedings{DBLP:conf/sosp/DeCandiaHJKLPSVV07,
  author    = {Giuseppe DeCandia and
               Deniz Hastorun and
               Madan Jampani and
               Gunavardhan Kakulapati and
               Avinash Lakshman and
               Alex Pilchin and
               Swaminathan Sivasubramanian and
               Peter Vosshall and
               Werner Vogels},
  title     = {Dynamo: amazon's highly available key-value store},
  booktitle = SOSP07,
  year      = {2007},
  pages     = {205-220},
  ee        = {http://doi.acm.org/10.1145/1294261.1294281},
  bibsource = {DBLP, http://dblp.uni-trier.de}
}

@article{DBLP:journals/sigops/HuntL07,
  author    = {Galen C. Hunt and
               James R. Larus},
  title     = {Singularity: rethinking the software stack},
  journal   = {Operating Systems Review},
  volume    = {41},
  number    = {2},
  year      = {2007},
  pages     = {37-49},
  ee        = {http://doi.acm.org/10.1145/1243418.1243424},
  bibsource = {DBLP, http://dblp.uni-trier.de}
}

@article{DBLP:journals/micro/WentzlaffGHBERMMBA07,
  author    = {David Wentzlaff and
               Patrick Griffin and
               Henry Hoffmann and
               Liewei Bao and
               Bruce Edwards and
               Carl Ramey and
               Matthew Mattina and
               Chyi-Chang Miao and
               John F. Brown III and
               Anant Agarwal},
  title     = {On-Chip Interconnection Architecture of the Tile Processor},
  journal   = {IEEE Micro},
  volume    = {27},
  number    = {5},
  year      = {2007},
  pages     = {15-31},
  ee        = {http://doi.ieeecomputersociety.org/10.1109/MM.2007.89},
  bibsource = {DBLP, http://dblp.uni-trier.de}
}


@inproceedings{DBLP:conf/vee/AmmonsABSGKKRHW07,
  author    = {Glenn Ammons and
               Jonathan Appavoo and
               Maria A. Butrico and
               Dilma Da Silva and
               David Grove and
               Kiyokuni Kawachiya and
               Orran Krieger and
               Bryan S. Rosenburg and
               Eric Van Hensbergen and
               Robert W. Wisniewski},
  title     = {Libra: a library operating system for a jvm in a virtualized
               execution environment},
  booktitle = {VEE},
  year      = {2007},
  pages     = {44-54},
  ee        = {http://doi.acm.org/10.1145/1254810.1254817},
  bibsource = {DBLP, http://dblp.uni-trier.de}
}

@article{DBLP:journals/computer/BarrosoH07,
  author    = {Luiz Andr{\'e} Barroso and
               Urs H{\"o}lzle},
  title     = {The Case for Energy-Proportional Computing},
  journal   = {IEEE Computer},
  volume    = {40},
  number    = {12},
  year      = {2007},
  pages     = {33-37},
  ee        = {http://doi.ieeecomputersociety.org/10.1109/MC.2007.443},
  bibsource = {DBLP, http://dblp.uni-trier.de}
}

%%%%%%%%%%%%%%%%%%%%%%%%%%%%%%%%%%%%%%%%%%%%%%%%%%%%%%%%%%%%%%%%
%%%%%%% 2008 %%%%%%%%%%%%%%%%%%%%%%%%%%%%%%%%%%%%%%%%%%%%%%%%%%%
%%%%%%%%%%%%%%%%%%%%%%%%%%%%%%%%%%%%%%%%%%%%%%%%%%%%%%%%%%%%%%%%

@inproceedings{DBLP:conf/osdi/DowtyS08,
  author    = {Micah Dowty and
               Jeremy Sugerman},
  title     = {{GPU} Virtualization on {VM}ware's Hosted {I/O} Architecture},
  booktitle = {Workshop on I/O Virtualization},
  year      = {2008},
  ee        = {http://www.usenix.org/events/wiov08/tech/full_papers/dowty/dowty.pdf},
  bibsource = {DBLP, http://dblp.uni-trier.de}
}



@article{DBLP:journals/queue/Drepper08,
  author    = {Ulrich Drepper},
  title     = {The Cost of Virtualization},
  journal   = {ACM Queue},
  volume    = {6},
  number    = {1},
  year      = {2008},
  pages     = {28-35},
  ee        = {http://doi.acm.org/10.1145/1348583.1348591},
  bibsource = {DBLP, http://dblp.uni-trier.de}
}


@inproceedings{DBLP:conf/asplos/BhargavaSSM08,
  author    = {Ravi Bhargava and
               Ben Serebrin and
               Francesco Spadini and
               Srilatha Manne},
  title     = {Accelerating two-dimensional page walks for virtualized
               systems},
  booktitle = ASPLOS08,
  year      = {2008},
  pages     = {26-35},
  ee        = {http://doi.acm.org/10.1145/1346281.1346286},
  bibsource = {DBLP, http://dblp.uni-trier.de}
}


@inproceedings{DBLP:conf/usenix/FordC08,
  author    = {Bryan Ford and
               Russ Cox},
  title     = {Vx32: Lightweight User-level Sandboxing on the x86},
  booktitle = {USENIX Annual Technical Conference},
  year      = {2008},
  pages     = {293-306},
  ee        = {http://www.usenix.org/events/usenix08/tech/full_papers/ford/ford.pdf},
  bibsource = {DBLP, http://dblp.uni-trier.de}
}

@inproceedings{DBLP:conf/fast/ZhuLP08,
  author    = {Benjamin Zhu and
               Kai Li and
               R. Hugo Patterson},
  title     = {Avoiding the Disk Bottleneck in the Data Domain Deduplication
               File System},
  booktitle = FAST08,
  year      = {2008},
  pages     = {269-282},
  ee        = {http://www.usenix.org/events/fast08/tech/zhu.html},
  bibsource = {DBLP, http://dblp.uni-trier.de}
}

@inproceedings{DBLP:conf/osdi/GuptaLVSSVVV08,
  author    = {Diwaker Gupta and
               Sangmin Lee and
               Michael Vrable and
               Stefan Savage and
               Alex C. Snoeren and
               George Varghese and
               Geoffrey M. Voelker and
               Amin Vahdat},
  title     = {Difference Engine: Harnessing Memory Redundancy in Virtual
               Machines},
  booktitle = OSDI08,
  year      = {2008},
  pages     = {309-322},
  ee        = {http://www.usenix.org/events/osdi08/tech/full_papers/gupta/gupta.pdf},
  bibsource = {DBLP, http://dblp.uni-trier.de}
}


@inproceedings{DBLP:conf/isca/KimDSA08,
  author    = {John Kim and
               William J. Dally and
               Steve Scott and
               Dennis Abts},
  title     = {Technology-Driven, Highly-Scalable Dragonfly Topology},
  booktitle = ISCA08,
  year      = {2008},
  pages     = {77-88},
  ee        = {http://dx.doi.org/10.1109/ISCA.2008.19},
  bibsource = {DBLP, http://dblp.uni-trier.de}
}

@article{DBLP:journals/tocs/ChangDGHWBCFG08,
  author    = {Fay Chang and
               Jeffrey Dean and
               Sanjay Ghemawat and
               Wilson C. Hsieh and
               Deborah A. Wallach and
               Michael Burrows and
               Tushar Chandra and
               Andrew Fikes and
               Robert E. Gruber},
  title     = {Bigtable: A Distributed Storage System for Structured Data},
  journal   = {ACM Trans. Comput. Syst.},
  volume    = {26},
  number    = {2},
  year      = {2008},
  ee        = {http://doi.acm.org/10.1145/1365815.1365816},
  bibsource = {DBLP, http://dblp.uni-trier.de}
}

@inproceedings{DBLP:conf/hpdc/WangWG08,
  author    = {Jian Wang and
               Kwame-Lante Wright and
               Kartik Gopalan},
  title     = {XenLoop: a transparent high performance inter-vm network
               loopback},
  booktitle = {HPDC},
  year      = {2008},
  pages     = {109-118},
  ee        = {http://doi.acm.org/10.1145/1383422.1383437},
  bibsource = {DBLP, http://dblp.uni-trier.de}
}
%%%%%%%%%%%%%%%%%%%%%%%%%%%%%%%%%%%%%%%%%%%%%%%%%%%%%%%%%%%%%%%%
%%%%%%% 2009 %%%%%%%%%%%%%%%%%%%%%%%%%%%%%%%%%%%%%%%%%%%%%%%%%%%
%%%%%%%%%%%%%%%%%%%%%%%%%%%%%%%%%%%%%%%%%%%%%%%%%%%%%%%%%%%%%%%%


@article{DBLP:journals/sigops/DowtyS09,
  author    = {Micah Dowty and
               Jeremy Sugerman},
  title     = {{GPU} virtualization on {VM}ware's hosted {I/O} architecture},
  journal   = {Operating Systems Review},
  volume    = {43},
  number    = {3},
  year      = {2009},
  pages     = {73-82},
  ee        = {http://doi.acm.org/10.1145/1618525.1618534},
  bibsource = {DBLP, http://dblp.uni-trier.de}
}

@inproceedings{DBLP:conf/sosp/BaumannBDHIPRSS09,
  author    = {Andrew Baumann and
               Paul Barham and
               Pierre-{\'E}variste Dagand and
               Timothy L. Harris and
               Rebecca Isaacs and
               Simon Peter and
               Timothy Roscoe and
               Adrian Sch{\"u}pbach and
               Akhilesh Singhania},
  title     = {The multikernel: a new OS architecture for scalable multicore
               systems},
  booktitle = SOSP09,
  year      = {2009},
  pages     = {29-44},
  ee        = {http://doi.acm.org/10.1145/1629575.1629579},
  bibsource = {DBLP, http://dblp.uni-trier.de}
}


@book{DBLP:series/synthesis/2009Barroso,
  author    = {Luiz Andr{\'e} Barroso and
               Urs H{\"o}lzle},
  title     = {{The Datacenter as a Computer: An Introduction to the Design
               of Warehouse-Scale Machines}},
  booktitle = {The Datacenter as a Computer: An Introduction to the Design
               of Warehouse-Scale Machines},
  publisher = {Morgan {\&} Claypool Publishers},
  series    = {Synthesis Lectures on Computer Architecture},
  year      = {2009},
  ee        = {http://dx.doi.org/10.2200/S00193ED1V01Y200905CAC006},
  bibsource = {DBLP, http://dblp.uni-trier.de}
}


@inproceedings{DBLP:conf/sigcomm/GreenbergHJKKLMPS09,
  author    = {Albert G. Greenberg and
               James R. Hamilton and
               Navendu Jain and
               Srikanth Kandula and
               Changhoon Kim and
               Parantap Lahiri and
               David A. Maltz and
               Parveen Patel and
               Sudipta Sengupta},
  title     = {VL2: a scalable and flexible data center network},
  booktitle = SIGCOMM09,
  year      = {2009},
  pages     = {51-62},
  ee        = {http://doi.acm.org/10.1145/1592568.1592576},
  bibsource = {DBLP, http://dblp.uni-trier.de}
}

@inproceedings{DBLP:conf/asplos/MenonSZ09,
  author    = {Aravind Menon and
               Simon Schubert and
               Willy Zwaenepoel},
  title     = {TwinDrivers: semi-automatic derivation of fast and safe
               hypervisor network drivers from guest OS drivers},
  booktitle = ASPLOS09,
  year      = {2009},
  pages     = {301-312},
  ee        = {http://doi.acm.org/10.1145/1508244.1508279},
  bibsource = {DBLP, http://dblp.uni-trier.de}
}


@inproceedings{DBLP:conf/sosp/DobrescuEACFIKMR09,
  author    = {Mihai Dobrescu and
               Norbert Egi and
               Katerina J. Argyraki and
               Byung-Gon Chun and
               Kevin R. Fall and
               Gianluca Iannaccone and
               Allan Knies and
               Maziar Manesh and
               Sylvia Ratnasamy},
  title     = {RouteBricks: exploiting parallelism to scale software routers},
  booktitle = SOSP09,
  year      = {2009},
  pages     = {15-28},
  ee        = {http://doi.acm.org/10.1145/1629575.1629578},
  bibsource = {DBLP, http://dblp.uni-trier.de}
}

@inproceedings{DBLP:conf/sosp/KleinEHACDEEKNSTW09,
  author    = {Gerwin Klein and
               Kevin Elphinstone and
               Gernot Heiser and
               June Andronick and
               David Cock and
               Philip Derrin and
               Dhammika Elkaduwe and
               Kai Engelhardt and
               Rafal Kolanski and
               Michael Norrish and
               Thomas Sewell and
               Harvey Tuch and
               Simon Winwood},
  title     = {seL4: formal verification of an OS kernel},
  booktitle = {SOSP},
  year      = {2009},
  pages     = {207-220},
  ee        = {http://doi.acm.org/10.1145/1629575.1629596},
  bibsource = {DBLP, http://dblp.uni-trier.de}
}


@inproceedings{DBLP:conf/ccs/RistenpartTSS09,
  author    = {Thomas Ristenpart and
               Eran Tromer and
               Hovav Shacham and
               Stefan Savage},
  title     = {Hey, you, get off of my cloud: exploring information leakage
               in third-party compute clouds},
  booktitle = {ACM Conference on Computer and Communications Security},
  year      = {2009},
  pages     = {199-212},
  ee        = {http://doi.acm.org/10.1145/1653662.1653687},
  bibsource = {DBLP, http://dblp.uni-trier.de}
}

@inproceedings{DBLP:conf/sosp/AndersenFKPTV09,
  author    = {David G. Andersen and
               Jason Franklin and
               Michael Kaminsky and
               Amar Phanishayee and
               Lawrence Tan and
               Vijay Vasudevan},
  title     = {FAWN: a fast array of wimpy nodes},
  booktitle = SOSP09,
  year      = {2009},
  pages     = {1-14},
  ee        = {http://doi.acm.org/10.1145/1629575.1629577},
  bibsource = {DBLP, http://dblp.uni-trier.de}
}


@inproceedings{DBLP:conf/sigcomm/MysorePFHMRSV09,
  author    = {Radhika Niranjan Mysore and
               Andreas Pamboris and
               Nathan Farrington and
               Nelson Huang and
               Pardis Miri and
               Sivasankar Radhakrishnan and
               Vikram Subramanya and
               Amin Vahdat},
  title     = {PortLand: a scalable fault-tolerant layer 2 data center
               network fabric},
  booktitle = {SIGCOMM},
  year      = {2009},
  pages     = {39-50},
  ee        = {http://doi.acm.org/10.1145/1592568.1592575},
  bibsource = {DBLP, http://dblp.uni-trier.de}
}


@inproceedings{DBLP:conf/hotnets/PfaffPACKS09,
  author    = {Ben Pfaff and
               Justin Pettit and
               Keith Amidon and
               Martin Casado and
               Teemu Koponen and
               Scott Shenker},
  title     = {Extending Networking into the Virtualization Layer},
  booktitle = {HotNets},
  year      = {2009},
  ee        = {http://conferences.sigcomm.org/hotnets/2009/papers/hotnets2009-final143.pdf},
  bibsource = {DBLP, http://dblp.uni-trier.de}
}
@inproceedings{DBLP:conf/sosp/NathujiS07,
  author    = {Ripal Nathuji and
               Karsten Schwan},
  title     = {VirtualPower: coordinated power management in virtualized
               enterprise systems},
  booktitle = {SOSP},
  year      = {2007},
  pages     = {265-278},
  ee        = {http://doi.acm.org/10.1145/1294261.1294287},
  bibsource = {DBLP, http://dblp.uni-trier.de}
}

@inproceedings{DBLP:conf/sigcomm/ChenGLKJ09,
  author    = {Yanpei Chen and
               Rean Griffith and
               Junda Liu and
               Randy H. Katz and
               Anthony D. Joseph},
  title     = {Understanding TCP incast throughput collapse in datacenter
               networks},
  booktitle = {WREN},
  year      = {2009},
  pages     = {73-82},
  ee        = {http://doi.acm.org/10.1145/1592681.1592693},
   bibsource = {DBLP, http://dblp.uni-trier.de}
}
%%%%%%%%%%%%%%%%%%%%%%%%%%%%%%%%%%%%%%%%%%%%%%%%%%%%%%%%%%%%%%%%
%%%%%%% 2010 %%%%%%%%%%%%%%%%%%%%%%%%%%%%%%%%%%%%%%%%%%%%%%%%%%%
%%%%%%%%%%%%%%%%%%%%%%%%%%%%%%%%%%%%%%%%%%%%%%%%%%%%%%%%%%%%%%%%   

@article{DBLP:journals/sigops/AgesenGSS10,
  author    = {Ole Agesen and
               Alex Garthwaite and
               Jeffrey Sheldon and
               Pratap Subrahmanyam},
  title     = {The evolution of an x86 virtual machine monitor},
  journal   = {Operating Systems Review},
  volume    = {44},
  number    = {4},
  year      = {2010},
  pages     = {3-18},
  ee        = {http://doi.acm.org/10.1145/1899928.1899930},
  bibsource = {DBLP, http://dblp.uni-trier.de}
}
           
@article{DBLP:journals/sigops/Zhou10,
  author    = {Shudong Zhou},
  title     = {Virtual networking},
  journal   = {Operating Systems Review},
  volume    = {44},
  number    = {4},
  year      = {2010},
  pages     = {80-85},
  ee        = {http://doi.acm.org/10.1145/1899928.1899938},
  bibsource = {DBLP, http://dblp.uni-trier.de}
}

@article{DBLP:journals/sigops/Vaghani10,
  author    = {Satyam B. Vaghani},
  title     = {Virtual machine file system},
  journal   = {Operating Systems Review},
  volume    = {44},
  number    = {4},
  year      = {2010},
  pages     = {57-70},
  ee        = {http://doi.acm.org/10.1145/1899928.1899935},
  bibsource = {DBLP, http://dblp.uni-trier.de}
}


@article{DBLP:journals/sigops/BasakTMS10,
  author    = {Debashis Basak and
               Rohit Toshniwal and
               Serge Maskalik and
               Allwyn Sequeira},
  title     = {Virtualizing networking and security in the cloud},
  journal   = {Operating Systems Review},
  volume    = {44},
  number    = {4},
  year      = {2010},
  pages     = {86-94},
  ee        = {http://doi.acm.org/10.1145/1899928.1899939},
  bibsource = {DBLP, http://dblp.uni-trier.de}
}


@article{DBLP:journals/sigops/HansenJ10,
  author    = {Jacob Gorm Hansen and
               Eric Jul},
  title     = {Scalable virtual machine storage using local disks},
  journal   = {Operating Systems Review},
  volume    = {44},
  number    = {4},
  year      = {2010},
  pages     = {71-79},
  ee        = {http://doi.acm.org/10.1145/1899928.1899936},
  bibsource = {DBLP, http://dblp.uni-trier.de}
}


@article{DBLP:journals/sigops/BarrBDGHNTZ10,
  author    = {Ken Barr and
               Prashanth P. Bungale and
               Stephen Deasy and
               Viktor Gyuris and
               Perry Hung and
               Craig Newell and
               Harvey Tuch and
               Bruno Zoppis},
  title     = {{The VMware mobile virtualization platform: is that a hypervisor
               in your pocket?}},
  journal   = {Operating Systems Review},
  volume    = {44},
  number    = {4},
  year      = {2010},
  pages     = {124-135},
  ee        = {http://doi.acm.org/10.1145/1899928.1899945},
  bibsource = {DBLP, http://dblp.uni-trier.de}
}



@article{DBLP:journals/cacm/YeeSDCMOONF10,
  author    = {Bennet Yee and
               David Sehr and
               Gregory Dardyk and
               J. Bradley Chen and
               Robert Muth and
               Tavis Ormandy and
               Shiki Okasaka and
               Neha Narula and
               Nicholas Fullagar},
  title     = {{Native Client: a sandbox for portable, untrusted x86 native
               code}},
  journal   = {Commun. ACM},
  volume    = {53},
  number    = {1},
  year      = {2010},
  pages     = {91-99},
  ee        = {http://doi.acm.org/10.1145/1629175.1629203},
  bibsource = {DBLP, http://dblp.uni-trier.de}
}


@inproceedings{DBLP:conf/osdi/Ben-YehudaDDFHGLWY10,
  author    = {Muli Ben-Yehuda and
               Michael D. Day and
               Zvi Dubitzky and
               Michael Factor and
               Nadav Har'El and
               Abel Gordon and
               Anthony Liguori and
               Orit Wasserman and
               Ben-Ami Yassour},
  title     = {The Turtles Project: Design and Implementation of Nested
               Virtualization},
  booktitle = OSDI10,
  year      = {2010},
  pages     = {423-436},
  ee        = {http://www.usenix.org/events/osdi10/tech/full_papers/Ben-Yehuda.pdf},
  bibsource = {DBLP, http://dblp.uni-trier.de}
}


@inproceedings{DBLP:conf/osdi/FordLPSTBGQ10,
  author    = {Daniel Ford and
               Fran\c{c}ois Labelle and
               Florentina I. Popovici and
               Murray Stokely and
               Van-Anh Truong and
               Luiz Barroso and
               Carrie Grimes and
               Sean Quinlan},
  title     = {Availability in Globally Distributed Storage Systems},
  booktitle = {OSDI},
  year      = {2010},
  pages     = {61-74},
  ee        = {http://www.usenix.org/events/osdi10/tech/full_papers/Ford.pdf},
  bibsource = {DBLP, http://dblp.uni-trier.de}
}

@inproceedings{DBLP:conf/gpce/RompfO10,
  author    = {Tiark Rompf and
               Martin Odersky},
  title     = {Lightweight modular staging: a pragmatic approach to runtime
               code generation and compiled DSLs},
  booktitle = {GPCE},
  year      = {2010},
  pages     = {127-136},
  ee        = {http://doi.acm.org/10.1145/1868294.1868314},
  bibsource = {DBLP, http://dblp.uni-trier.de}
}

@inproceedings{DBLP:conf/osdi/Boyd-WickizerCMPKMZ10,
  author    = {Silas Boyd-Wickizer and
               Austin T. Clements and
               Yandong Mao and
               Aleksey Pesterev and
               M. Frans Kaashoek and
               Robert Morris and
               Nickolai Zeldovich},
  title     = {An Analysis of Linux Scalability to Many Cores},
  booktitle = {OSDI},
  year      = {2010},
  pages     = {1-16},
  ee        = {http://www.usenix.org/events/osdi10/tech/full_papers/Boyd-Wickizer.pdf},
  bibsource = {DBLP, http://dblp.uni-trier.de}
}

@inproceedings{DBLP:conf/sigcomm/HanJPM10,
  author    = {Sangjin Han and
               Keon Jang and
               KyoungSoo Park and
               Sue B. Moon},
  title     = {PacketShader: a GPU-accelerated software router},
  booktitle = {SIGCOMM},
  year      = {2010},
  pages     = {195-206},
  ee        = {http://doi.acm.org/10.1145/1851182.1851207},
  bibsource = {DBLP, http://dblp.uni-trier.de}
}

@inproceedings{DBLP:conf/sigcomm/YuRFW10,
  author    = {Minlan Yu and
               Jennifer Rexford and
               Michael J. Freedman and
               Jia Wang},
  title     = {Scalable flow-based networking with DIFANE},
  booktitle = {SIGCOMM},
  year      = {2010},
  pages     = {351-362},
  ee        = {http://doi.acm.org/10.1145/1851182.1851224},
  bibsource = {DBLP, http://dblp.uni-trier.de}
}

@inproceedings{DBLP:conf/sigcomm/Abu-LibdehCROD10,
  author    = {Hussam Abu-Libdeh and
               Paolo Costa and
               Antony I. T. Rowstron and
               Greg O'Shea and
               Austin Donnelly},
  title     = {Symbiotic routing in future data centers},
  booktitle = SIGCOMM10,
  year      = {2010},
  pages     = {51-62},
  ee        = {http://doi.acm.org/10.1145/1851182.1851191},
  bibsource = {DBLP, http://dblp.uni-trier.de}
}

@inproceedings{DBLP:conf/osdi/PowerL10,
  author    = {Russell Power and
               Jinyang Li},
  title     = {Piccolo: Building Fast, Distributed Programs with Partitioned
               Tables},
  booktitle = OSDI10,
  year      = {2010},
  pages     = {293-306},
  ee        = {http://www.usenix.org/events/osdi10/tech/full_papers/Power.pdf},
  bibsource = {DBLP, http://dblp.uni-trier.de}
}

@inproceedings{DBLP:conf/nsdi/HellerSMYSBM10,
  author    = {Brandon Heller and
               Srinivasan Seetharaman and
               Priya Mahadevan and
               Yiannis Yiakoumis and
               Puneet Sharma and
               Sujata Banerjee and
               Nick McKeown},
  title     = {ElasticTree: Saving Energy in Data Center Networks},
  booktitle = {NSDI},
  year      = {2010},
  pages     = {249-264},
  ee        = {http://www.usenix.org/events/nsdi10/tech/full_papers/heller.pdf},
  bibsource = {DBLP, http://dblp.uni-trier.de}
}

@inproceedings{DBLP:conf/sc/KangarlouGKX10,
  author    = {Ardalan Kangarlou and
               Sahan Gamage and
               Ramana Rao Kompella and
               Dongyan Xu},
  title     = {vSnoop: Improving TCP Throughput in Virtualized Environments
               via Acknowledgement Offload},
  booktitle = {SC},
  year      = {2010},
  pages     = {1-11},
  ee        = {http://dx.doi.org/10.1109/SC.2010.57},
  bibsource = {DBLP, http://dblp.uni-trier.de}
}

@inproceedings{DBLP:conf/sigmod/MalewiczABDHLC10,
  author    = {Grzegorz Malewicz and
               Matthew H. Austern and
               Aart J. C. Bik and
               James C. Dehnert and
               Ilan Horn and
               Naty Leiser and
               Grzegorz Czajkowski},
  title     = {Pregel: a system for large-scale graph processing},
  booktitle = {SIGMOD Conference},
  year      = {2010},
  pages     = {135-146},
  ee        = {http://doi.acm.org/10.1145/1807167.1807184},
  bibsource = {DBLP, http://dblp.uni-trier.de}
}


@inproceedings{DBLP:conf/sigcomm/AlizadehGMPPPSS10,
  author    = {Mohammad Alizadeh and
               Albert G. Greenberg and
               David A. Maltz and
               Jitendra Padhye and
               Parveen Patel and
               Balaji Prabhakar and
               Sudipta Sengupta and
               Murari Sridharan},
  title     = {Data center TCP (DCTCP)},
  booktitle = SIGCOMM10,
  year      = {2010},
  pages     = {63-74},
  ee        = {http://doi.acm.org/10.1145/1851182.1851192},
   bibsource = {DBLP, http://dblp.uni-trier.de}
}
%%%%%%%%%%%%%%%%%%%%%%%%%%%%%%%%%%%%%%%%%%%%%%%%%%%%%%%%%%%%%%%%
%%%%%%% 2011 %%%%%%%%%%%%%%%%%%%%%%%%%%%%%%%%%%%%%%%%%%%%%%%%%%%
%%%%%%%%%%%%%%%%%%%%%%%%%%%%%%%%%%%%%%%%%%%%%%%%%%%%%%%%%%%%%%%%   

@inproceedings{DBLP:conf/sosp/ZhangCCZ11,
  author    = {Fengzhe Zhang and
               Jin Chen and
               Haibo Chen and
               Binyu Zang},
  title     = {CloudVisor: retrofitting protection of virtual machines
               in multi-tenant cloud with nested virtualization},
  booktitle = SOSP11,
  year      = {2011},
  pages     = {203-216},
  ee        = {http://doi.acm.org/10.1145/2043556.2043576},
  bibsource = {DBLP, http://dblp.uni-trier.de}
}


@article{DBLP:journals/tocs/Lagar-CavillaWBPBLRSS11,
  author    = {H. Andr{\'e}s Lagar-Cavilla and
               Joseph Andrew Whitney and
               Roy Bryant and
               Philip Patchin and
               Michael Brudno and
               Eyal de Lara and
               Stephen M. Rumble and
               M. Satyanarayanan and
               Adin Scannell},
  title     = {SnowFlock: Virtual Machine Cloning as a First-Class Cloud
               Primitive},
  journal   = {ACM Trans. Comput. Syst.},
  volume    = {29},
  number    = {1},
  year      = {2011},
  pages     = {2},
  ee        = {http://doi.acm.org/10.1145/1925109.1925111},
  bibsource = {DBLP, http://dblp.uni-trier.de}
}

@article{DBLP:journals/sigops/FallIMRADE11,
  author    = {Kevin R. Fall and
               Gianluca Iannaccone and
               Maziar Manesh and
               Sylvia Ratnasamy and
               Katerina J. Argyraki and
               Mihai Dobrescu and
               Norbert Egi},
  title     = {RouteBricks: enabling general purpose network infrastructure},
  journal   = {Operating Systems Review},
  volume    = {45},
  number    = {1},
  year      = {2011},
  pages     = {112-125},
  ee        = {http://doi.acm.org/10.1145/1945023.1945037},
  bibsource = {DBLP, http://dblp.uni-trier.de}
}


@inproceedings{DBLP:conf/apsys/VaranasiH11,
  author    = {Prashant Varanasi and
               Gernot Heiser},
  title     = {Hardware-supported virtualization on ARM},
  booktitle = {APSys},
  year      = {2011},
  pages     = {11},
  ee        = {http://doi.acm.org/10.1145/2103799.2103813},
  bibsource = {DBLP, http://dblp.uni-trier.de}
}

@inproceedings{DBLP:conf/sosp/CalderWONSMXSWSHUKEBMAAHHBDAMSMR11,
  author    = {Brad Calder and
               Ju Wang and
               Aaron Ogus and
               Niranjan Nilakantan and
               Arild Skjolsvold and
               Sam McKelvie and
               Yikang Xu and
               Shashwat Srivastav and
               Jiesheng Wu and
               Huseyin Simitci and
               Jaidev Haridas and
               Chakravarthy Uddaraju and
               Hemal Khatri and
               Andrew Edwards and
               Vaman Bedekar and
               Shane Mainali and
               Rafay Abbasi and
               Arpit Agarwal and
               Mian Fahim ul Haq and
               Muhammad Ikram ul Haq and
               Deepali Bhardwaj and
               Sowmya Dayanand and
               Anitha Adusumilli and
               Marvin McNett and
               Sriram Sankaran and
               Kavitha Manivannan and
               Leonidas Rigas},
  title     = {{Windows Azure Storage: a highly available cloud storage
               service with strong consistency}},
  booktitle = SOSP11,
  year      = {2011},
  pages     = {143-157},
  ee        = {http://doi.acm.org/10.1145/2043556.2043571},
  bibsource = {DBLP, http://dblp.uni-trier.de}
}

@inproceedings{DBLP:conf/sosp/OngaroRSOR11,
  author    = {Diego Ongaro and
               Stephen M. Rumble and
               Ryan Stutsman and
               John K. Ousterhout and
               Mendel Rosenblum},
  title     = {{Fast crash recovery in RAMCloud}},
  booktitle = SOSP11,
  year      = {2011},
  pages     = {29-41},
  ee        = {http://doi.acm.org/10.1145/2043556.2043560},
  bibsource = {DBLP, http://dblp.uni-trier.de}
}

@inproceedings{DBLP:conf/sosp/MesnierCLA11,
  author    = {Michael P. Mesnier and
               Feng Chen and
               Tian Luo and
               Jason B. Akers},
  title     = {Differentiated storage services},
  booktitle = SOSP11,
  year      = {2011},
  pages     = {57-70},
  ee        = {http://doi.acm.org/10.1145/2043556.2043563},
  bibsource = {DBLP, http://dblp.uni-trier.de}
}


@inproceedings{DBLP:conf/sigcomm/CurtisMTYSB11,
  author    = {Andrew R. Curtis and
               Jeffrey C. Mogul and
               Jean Tourrilhes and
               Praveen Yalagandula and
               Puneet Sharma and
               Sujata Banerjee},
  title     = {DevoFlow: scaling flow management for high-performance networks},
  booktitle = {SIGCOMM},
  year      = {2011},
  pages     = {254-265},
  ee        = {http://doi.acm.org/10.1145/2018436.2018466},
  bibsource = {DBLP, http://dblp.uni-trier.de}
}

% manually added
@inproceedings{DBLP:conf/nsdi/LuGLZYWXGZ11,
  title={Serverswitch: A programmable and high performance platform for data center networks},
  author={Lu, G. and Guo, C. and Li, Y. and Zhou, Z. and Yuan, T. and Wu, H. and Xiong, Y. and Gao, R. and Zhang, Y.},
  year = {2011},
  booktitle = NSDI11
}

@article{DBLP:journals/sigops/WijngaartMH11,
  author    = {Rob F. Van der Wijngaart and
               Timothy G. Mattson and
               Werner Haas},
  title     = {Light-weight communications on Intel's single-chip cloud
               computer processor},
  journal   = {Operating Systems Review},
  volume    = {45},
  number    = {1},
  year      = {2011},
  pages     = {73-83},
  ee        = {http://doi.acm.org/10.1145/1945023.1945033},
  bibsource = {DBLP, http://dblp.uni-trier.de}
}

@article{DBLP:journals/micro/HardavellasFFA11,
  author    = {Nikos Hardavellas and
               Michael Ferdman and
               Babak Falsafi and
               Anastasia Ailamaki},
  title     = {Toward Dark Silicon in Servers},
  journal   = {IEEE Micro},
  volume    = {31},
  number    = {4},
  year      = {2011},
  pages     = {6-15},
  ee        = {http://doi.ieeecomputersociety.org/10.1109/MM.2011.77},
  bibsource = {DBLP, http://dblp.uni-trier.de}
}


@inproceedings{DBLP:conf/sosp/AdyaCMP11,
  author    = {Atul Adya and
               Gregory Cooper and
               Daniel Myers and
               Michael Piatek},
  title     = {Thialfi: a client notification service for internet-scale
               applications},
  booktitle = SOSP11,
  year      = {2011},
  pages     = {129-142},
  ee        = {http://doi.acm.org/10.1145/2043556.2043570},
  bibsource = {DBLP, http://dblp.uni-trier.de}
}
%%%%%%%%%%%%%%%%%%%%%%%%%%%%%%%%%%%%%%%%%%%%%%%%%%%%%%%%%%%%%%%%
%%%%%%% 2012 %%%%%%%%%%%%%%%%%%%%%%%%%%%%%%%%%%%%%%%%%%%%%%%%%%%
%%%%%%%%%%%%%%%%%%%%%%%%%%%%%%%%%%%%%%%%%%%%%%%%%%%%%%%%%%%%%%%%    


@article{DBLP:journals/cacm/WaldspurgerR12,
  author    = {Carl A. Waldspurger and
               Mendel Rosenblum},
  title     = {{I/O virtualization}},
  journal   = {Commun. ACM},
  volume    = {55},
  number    = {1},
  year      = {2012},
  pages     = {66-73},
  ee        = {http://doi.acm.org/10.1145/2063176.2063194},
  bibsource = {DBLP, http://dblp.uni-trier.de}
}


@article{DBLP:journals/tocs/ChipounovKC12,
  author    = {Vitaly Chipounov and
               Volodymyr Kuznetsov and
               George Candea},
  title     = {The S2E Platform: Design, Implementation, and Applications},
  journal   = {ACM Trans. Comput. Syst.},
  volume    = {30},
  number    = {1},
  year      = {2012},
  pages     = {2},
  ee        = {http://doi.acm.org/10.1145/2110356.2110358},
  bibsource = {DBLP, http://dblp.uni-trier.de}
}


@inproceedings{DBLP:conf/isca/Lotfi-KamranGFVKPAJIOF12,
  author    = {Pejman Lotfi-Kamran and
               Boris Grot and
               Michael Ferdman and
               Stavros Volos and
               Yusuf Onur Ko\c{c}berber and
               Javier Picorel and
               Almutaz Adileh and
               Djordje Jevdjic and
               Sachin Idgunji and
               Emre {\"O}zer and
               Babak Falsafi},
  title     = {Scale-out processors},
  booktitle = ISCA12,
  year      = {2012},
  pages     = {500-511},
  ee        = {http://dx.doi.org/10.1109/ISCA.2012.6237043},
  bibsource = {DBLP, http://dblp.uni-trier.de}
}

@inproceedings{DBLP:conf/asplos/CheritonFSSA12,
  author    = {David R. Cheriton and
               Amin Firoozshahian and
               Alex Solomatnikov and
               John P. Stevenson and
               Omid Azizi},
  title     = {HICAMP: architectural support for efficient concurrency-safe
               shared structured data access},
  booktitle = {ASPLOS},
  year      = {2012},
  pages     = {287-300},
  ee        = {http://doi.acm.org/10.1145/2150976.2151007},
  bibsource = {DBLP, http://dblp.uni-trier.de}
}

@article{DBLP:journals/tocs/BugnionDRSW12,
  author    = {Edouard Bugnion and
               Scott Devine and
               Mendel Rosenblum and
               Jeremy Sugerman and
               Edward Y. Wang},
  title     = {Bringing Virtualization to the x86 Architecture with the
               Original VMware Workstation},
  journal   = {ACM Trans. Comput. Syst.},
  volume    = {30},
  number    = {4},
  year      = {2012},
  pages     = {12},
  ee        = {http://doi.acm.org/10.1145/2382553.2382554},
  bibsource = {DBLP, http://dblp.uni-trier.de}
}

@inproceedings{DBLP:conf/hpca/LimTSACRW12,
  author    = {Kevin T. Lim and
               Yoshio Turner and
               Jose Renato Santos and
               Alvin AuYoung and
               Jichuan Chang and
               Parthasarathy Ranganathan and
               Thomas F. Wenisch},
  title     = {System-level implications of disaggregated memory},
  booktitle = {HPCA},
  year      = {2012},
  pages     = {189-200},
  ee        = {http://dx.doi.org/10.1109/HPCA.2012.6168955},
  bibsource = {DBLP, http://dblp.uni-trier.de}
}


@inproceedings{DBLP:conf/asplos/VasicNMKB12,
  author    = {Nedeljko Vasic and
               Dejan M. Novakovic and
               Svetozar Miucin and
               Dejan Kostic and
               Ricardo Bianchini},
  title     = {DejaVu: accelerating resource allocation in virtualized
               environments},
  booktitle = {ASPLOS},
  year      = {2012},
  pages     = {423-436},
  ee        = {http://doi.acm.org/10.1145/2150976.2151021},
  bibsource = {DBLP, http://dblp.uni-trier.de}
}

@inproceedings{DBLP:conf/sigcomm/WuTCMYYZ12,
  author    = {Xin Wu and
               Daniel Turner and
               Chao-Chih Chen and
               David A. Maltz and
               Xiaowei Yang and
               Lihua Yuan and
               Ming Zhang},
  title     = {NetPilot: automating datacenter network failure mitigation},
  booktitle = {SIGCOMM},
  year      = {2012},
  pages     = {419-430},
  ee        = {http://doi.acm.org/10.1145/2342356.2342438},
  bibsource = {DBLP, http://dblp.uni-trier.de}
}

@inproceedings{DBLP:conf/hotnets/RaghavanCKRGS12,
  author    = {Barath Raghavan and
               Martin Casado and
               Teemu Koponen and
               Sylvia Ratnasamy and
               Ali Ghodsi and
               Scott Shenker},
  title     = {Software-defined internet architecture: decoupling architecture
               from infrastructure},
  booktitle = {HotNets},
  year      = {2012},
  pages     = {43-48},
  ee        = {http://doi.acm.org/10.1145/2390231.2390239},
  bibsource = {DBLP, http://dblp.uni-trier.de}
}


@inproceedings{DBLP:conf/asplos/FerdmanAKVAJKPAF12,
  author    = {Michael Ferdman and
               Almutaz Adileh and
               Yusuf Onur Ko\c{c}berber and
               Stavros Volos and
               Mohammad Alisafaee and
               Djordje Jevdjic and
               Cansu Kaynak and
               Adrian Daniel Popescu and
               Anastasia Ailamaki and
               Babak Falsafi},
  title     = {Clearing the clouds: a study of emerging scale-out workloads
               on modern hardware},
  booktitle = {ASPLOS},
  year      = {2012},
  pages     = {37-48},
  ee        = {http://doi.acm.org/10.1145/2150976.2150982},
  bibsource = {DBLP, http://dblp.uni-trier.de}
}

@inproceedings{DBLP:conf/asplos/GordonAHBLST12,
  author    = {Abel Gordon and
               Nadav Amit and
               Nadav Har'El and
               Muli Ben-Yehuda and
               Alex Landau and
               Assaf Schuster and
               Dan Tsafrir},
  title     = {ELI: bare-metal performance for I/O virtualization},
  booktitle = {ASPLOS},
  year      = {2012},
  pages     = {411-422},
  ee        = {http://doi.acm.org/10.1145/2150976.2151020},
  bibsource = {DBLP, http://dblp.uni-trier.de}
}

@inproceedings{DBLP:conf/eurosys/PesterevSZM12,
  author    = {Aleksey Pesterev and
               Jacob Strauss and
               Nickolai Zeldovich and
               Robert Tappan Morris},
  title     = {Improving network connection locality on multicore systems},
  booktitle = EuroSys12,
  year      = {2012},
  pages     = {337-350},
  ee        = {http://doi.acm.org/10.1145/2168836.2168870},
   bibsource = {DBLP, http://dblp.uni-trier.de}
}
%%%%%%%%%%%%%%%%%%%%%%%%%%%%%%%%%%%%%%%%%%%%%%%%%%%%%%%%%%%%%%%%
%%%%%%% 2013 %%%%%%%%%%%%%%%%%%%%%%%%%%%%%%%%%%%%%%%%%%%%%%%%%%%
%%%%%%%%%%%%%%%%%%%%%%%%%%%%%%%%%%%%%%%%%%%%%%%%%%%%%%%%%%%%%%%%    



%%%%% STUFF THAT NEEDS TO MOVE UP

@inproceedings{DBLP:conf/sosp/CarterBZ91,
  author    = {John B. Carter and
               John K. Bennett and
               Willy Zwaenepoel},
  title     = {{Implementation and Performance of Munin}},
  booktitle = SOSP91,
  year      = {1991},
  pages     = {152-164},
  ee        = {http://doi.acm.org/10.1145/121132.121159},
  bibsource = {DBLP, http://dblp.uni-trier.de}
}





@inproceedings{DBLP:conf/hpdc/AppavooWSURHSWS10,
  author    = {Jonathan Appavoo and
               Amos Waterland and
               Dilma Da Silva and
               Volkmar Uhlig and
               Bryan S. Rosenburg and
               Eric Van Hensbergen and
               Jan Stoess and
               Robert W. Wisniewski and
               Udo Steinberg},
  title     = {Providing a cloud network infrastructure on a supercomputer},
  booktitle = {HPDC},
  year      = {2010},
  pages     = {385-394},
  ee        = {http://doi.acm.org/10.1145/1851476.1851534},
  bibsource = {DBLP, http://dblp.uni-trier.de}
}


@inproceedings{DBLP:conf/asplos/MadhavapeddyMRSSGSHC13,
  author    = {Anil Madhavapeddy and
               Richard Mortier and
               Charalampos Rotsos and
               David Scott and
               Balraj Singh and
               Thomas Gazagnaire and
               Steven Smith and
               Steven Hand and
               Jon Crowcroft},
  title     = {Unikernels: library operating systems for the cloud},
  booktitle = ASPLOS13,
  year      = {2013},
  pages     = {461-472},
  ee        = {http://doi.acm.org/10.1145/2451116.2451167},
  bibsource = {DBLP, http://dblp.uni-trier.de}
}

@inproceedings{DBLP:conf/nsdi/LiuHKA13,
 author = {Liu, Vincent and Halperin, Daniel and Krishnamurthy, Arvind and Anderson, Thomas},
 title = {F10: a fault-tolerant engineered network},
 booktitle = {Proceedings of the 10th USENIX conference on Networked Systems Design and Implementation},
 series = {nsdi'13},
 year = {2013},
 location = {Lombard, IL},
 pages = {399--412},
 numpages = {14},
 url = {http://dl.acm.org/citation.cfm?id=2482626.2482665},
 acmid = {2482665},
 publisher = {USENIX Association},
 address = {Berkeley, CA, USA},
} 




@inproceedings{DBLP:conf/nsdi/MoshrefYSG13,
  title={Scalable rule management for data centers},
  author={Moshref, Masoud and Yu, Minlan and Sharma, Abhishek and Govindan, Ramesh},
  booktitle={Proceedings of the 10th USENIX conference on Networked Systems Design and Implementation},
  pages={157--170},
  year={2013},
  organization={USENIX Association}
}


@article{DBLP:journals/cacm/DeanB13,
  author    = {Jeffrey Dean and
               Luiz Andr{\'e} Barroso},
  title     = {The tail at scale},
  journal   = {Commun. ACM},
  volume    = {56},
  number    = {2},
  year      = {2013},
  pages     = {74-80},
  ee        = {http://doi.acm.org/10.1145/2408776.2408794},
  bibsource = {DBLP, http://dblp.uni-trier.de}
}


@inproceedings{DBLP:conf/isca/BasuGCHS13,
  author    = {Arkaprava Basu and
               Jayneel Gandhi and
               Jichuan Chang and
               Mark D. Hill and
               Michael M. Swift},
  title     = {Efficient virtual memory for big memory servers},
  booktitle = ISCA13,
  year      = {2013},
  pages     = {237-248},
  ee        = {http://doi.acm.org/10.1145/2485922.2485943},
  bibsource = {DBLP, http://dblp.uni-trier.de}
}

@inproceedings{DBLP:conf/eurosys/ClementsKZ13,
  author    = {Austin T. Clements and
               M. Frans Kaashoek and
               Nickolai Zeldovich},
  title     = {RadixVM: scalable address spaces for multithreaded applications},
  booktitle = {EuroSys},
  year      = {2013},
  pages     = {211-224},
  ee        = {http://doi.acm.org/10.1145/2465351.2465373},
  bibsource = {DBLP, http://dblp.uni-trier.de}
}

@inproceedings{DBLP:conf/sosp/ClementsKZMK13,
  author    = {Austin T. Clements and
               M. Frans Kaashoek and
               Nickolai Zeldovich and
               Robert Tappan Morris and
               Eddie Kohler},
  title     = {The scalable commutativity rule: designing scalable software
               for multicore processors},
  booktitle = SOSP13,
  year      = {2013},
  pages     = {1-17},
  ee        = {http://doi.acm.org/10.1145/2517349.2522712},
  bibsource = {DBLP, http://dblp.uni-trier.de}
}


@inproceedings{DBLP:conf/fpga/ChalamalasettiLWARM13,
  author    = {Sai Rahul Chalamalasetti and
               Kevin T. Lim and
               Mitch Wright and
               Alvin AuYoung and
               Parthasarathy Ranganathan and
               Martin Margala},
  title     = {An FPGA memcached appliance},
  booktitle = FPGA13,
  year      = {2013},
  pages     = {245-254},
  ee        = {http://doi.acm.org/10.1145/2435264.2435306},
  bibsource = {DBLP, http://dblp.uni-trier.de}
}


%%%%%%%%%%%
%% 2014 
%%%%%%%%%%%
@inproceedings{DBLP:conf/asplos/DelimitrouK14,
  author    = {Christina Delimitrou and
               Christos Kozyrakis},
  title     = {Quasar: resource-efficient and QoS-aware cluster management},
  booktitle = ASPLOS14,
  year      = {2014},
  pages     = {127-144},
  ee        = {http://doi.acm.org/10.1145/2541940.2541941},
  bibsource = {DBLP, http://dblp.uni-trier.de}
}