%%% AUTOMATICALLY GENERATED BY make-abbrev.py
%%% DO NOT EDIT
@string{sigcomm88 = "Proceedings of the ACM SIGCOMM 1988 Conference"}
@string{sigcomm89 = "Proceedings of the ACM SIGCOMM 1989 Conference"}
@string{sigcomm90 = "Proceedings of the ACM SIGCOMM 1990 Conference"}
@string{sigcomm91 = "Proceedings of the ACM SIGCOMM 1991 Conference"}
@string{sigcomm92 = "Proceedings of the ACM SIGCOMM 1992 Conference"}
@string{sigcomm93 = "Proceedings of the ACM SIGCOMM 1993 Conference"}
@string{sigcomm94 = "Proceedings of the ACM SIGCOMM 1994 Conference"}
@string{sigcomm95 = "Proceedings of the ACM SIGCOMM 1995 Conference"}
@string{sigcomm96 = "Proceedings of the ACM SIGCOMM 1996 Conference"}
@string{sigcomm97 = "Proceedings of the ACM SIGCOMM 1997 Conference"}
@string{sigcomm98 = "Proceedings of the ACM SIGCOMM 1998 Conference"}
@string{sigcomm99 = "Proceedings of the ACM SIGCOMM 1999 Conference"}
@string{sigcomm00 = "Proceedings of the ACM SIGCOMM 2000 Conference"}
@string{sigcomm01 = "Proceedings of the ACM SIGCOMM 2001 Conference"}
@string{sigcomm02 = "Proceedings of the ACM SIGCOMM 2002 Conference"}
@string{sigcomm03 = "Proceedings of the ACM SIGCOMM 2003 Conference"}
@string{sigcomm04 = "Proceedings of the ACM SIGCOMM 2004 Conference"}
@string{sigcomm05 = "Proceedings of the ACM SIGCOMM 2005 Conference"}
@string{sigcomm06 = "Proceedings of the ACM SIGCOMM 2006 Conference"}
@string{sigcomm07 = "Proceedings of the ACM SIGCOMM 2007 Conference"}
@string{sigcomm08 = "Proceedings of the ACM SIGCOMM 2008 Conference"}
@string{sigcomm09 = "Proceedings of the ACM SIGCOMM 2009 Conference"}
@string{sigcomm10 = "Proceedings of the ACM SIGCOMM 2010 Conference"}
@string{sigcomm11 = "Proceedings of the ACM SIGCOMM 2011 Conference"}
@string{sigcomm12 = "Proceedings of the ACM SIGCOMM 2012 Conference"}
@string{sigcomm13 = "Proceedings of the ACM SIGCOMM 2013 Conference"}
@string{sigcomm14 = "Proceedings of the ACM SIGCOMM 2014 Conference"}
@string{sigcomm15 = "Proceedings of the ACM SIGCOMM 2015 Conference"}
@string{sigmetrics93 = "Proceedings of the 1993 ACM SIGMETRICS International Conference on Measurement and Modeling of Computer Systems"}
@string{sigmetrics94 = "Proceedings of the 1994 ACM SIGMETRICS International Conference on Measurement and Modeling of Computer Systems"}
@string{sigmetrics95 = "Proceedings of the 1995 ACM SIGMETRICS International Conference on Measurement and Modeling of Computer Systems"}
@string{sigmetrics96 = "Proceedings of the 1996 ACM SIGMETRICS International Conference on Measurement and Modeling of Computer Systems"}
@string{sigmetrics97 = "Proceedings of the 1997 ACM SIGMETRICS International Conference on Measurement and Modeling of Computer Systems"}
@string{sigmetrics98 = "Proceedings of the 1998 ACM SIGMETRICS International Conference on Measurement and Modeling of Computer Systems"}
@string{sigmetrics99 = "Proceedings of the 1999 ACM SIGMETRICS International Conference on Measurement and Modeling of Computer Systems"}
@string{sigmetrics00 = "Proceedings of the 2000 ACM SIGMETRICS International Conference on Measurement and Modeling of Computer Systems"}
@string{sigmetrics01 = "Proceedings of the 2001 ACM SIGMETRICS International Conference on Measurement and Modeling of Computer Systems"}
@string{sigmetrics02 = "Proceedings of the 2002 ACM SIGMETRICS International Conference on Measurement and Modeling of Computer Systems"}
@string{sigmetrics03 = "Proceedings of the 2003 ACM SIGMETRICS International Conference on Measurement and Modeling of Computer Systems"}
@string{sigmetrics04 = "Proceedings of the 2004 ACM SIGMETRICS International Conference on Measurement and Modeling of Computer Systems"}
@string{sigmetrics05 = "Proceedings of the 2005 ACM SIGMETRICS International Conference on Measurement and Modeling of Computer Systems"}
@string{sigmetrics06 = "Proceedings of the 2006 ACM SIGMETRICS International Conference on Measurement and Modeling of Computer Systems"}
@string{sigmetrics07 = "Proceedings of the 2007 ACM SIGMETRICS International Conference on Measurement and Modeling of Computer Systems"}
@string{sigmetrics08 = "Proceedings of the 2008 ACM SIGMETRICS International Conference on Measurement and Modeling of Computer Systems"}
@string{sigmetrics09 = "Proceedings of the 2009 ACM SIGMETRICS International Conference on Measurement and Modeling of Computer Systems"}
@string{sigmetrics10 = "Proceedings of the 2010 ACM SIGMETRICS International Conference on Measurement and Modeling of Computer Systems"}
@string{sigmetrics11 = "Proceedings of the 2011 ACM SIGMETRICS International Conference on Measurement and Modeling of Computer Systems"}
@string{sigmetrics12 = "Proceedings of the 2012 ACM SIGMETRICS International Conference on Measurement and Modeling of Computer Systems"}
@string{sigmetrics13 = "Proceedings of the 2013 ACM SIGMETRICS International Conference on Measurement and Modeling of Computer Systems"}
@string{sigmetrics14 = "Proceedings of the 2014 ACM SIGMETRICS International Conference on Measurement and Modeling of Computer Systems"}
@string{sigmetrics15 = "Proceedings of the 2015 ACM SIGMETRICS International Conference on Measurement and Modeling of Computer Systems"}
@string{sosp83 = "Proceedings of the 9th ACM Symposium on Operating Systems Principles (SOSP)"}
@string{sosp85 = "Proceedings of the 10th ACM Symposium on Operating Systems Principles (SOSP)"}
@string{sosp87 = "Proceedings of the 11st ACM Symposium on Operating Systems Principles (SOSP)"}
@string{sosp89 = "Proceedings of the 12th ACM Symposium on Operating Systems Principles (SOSP)"}
@string{sosp91 = "Proceedings of the 13th ACM Symposium on Operating Systems Principles (SOSP)"}
@string{sosp93 = "Proceedings of the 14th ACM Symposium on Operating Systems Principles (SOSP)"}
@string{sosp95 = "Proceedings of the 15th ACM Symposium on Operating Systems Principles (SOSP)"}
@string{sosp97 = "Proceedings of the 16th ACM Symposium on Operating Systems Principles (SOSP)"}
@string{sosp99 = "Proceedings of the 17th ACM Symposium on Operating Systems Principles (SOSP)"}
@string{sosp01 = "Proceedings of the 18th ACM Symposium on Operating Systems Principles (SOSP)"}
@string{sosp03 = "Proceedings of the 19th ACM Symposium on Operating Systems Principles (SOSP)"}
@string{sosp05 = "Proceedings of the 20th ACM Symposium on Operating Systems Principles (SOSP)"}
@string{sosp07 = "Proceedings of the 21st ACM Symposium on Operating Systems Principles (SOSP)"}
@string{sosp09 = "Proceedings of the 22nd ACM Symposium on Operating Systems Principles (SOSP)"}
@string{sosp11 = "Proceedings of the 23rd ACM Symposium on Operating Systems Principles (SOSP)"}
@string{sosp13 = "Proceedings of the 24th ACM Symposium on Operating Systems Principles (SOSP)"}
@string{sosp15 = "Proceedings of the 25th ACM Symposium on Operating Systems Principles (SOSP)"}
@string{sosp17 = "Proceedings of the 26th ACM Symposium on Operating Systems Principles (SOSP)"}
@string{sosp19 = "Proceedings of the 27th ACM Symposium on Operating Systems Principles (SOSP)"}
@string{sosp21 = "Proceedings of the 28th ACM Symposium on Operating Systems Principles (SOSP)"}
@string{sosp23 = "Proceedings of the 29th ACM Symposium on Operating Systems Principles (SOSP)"}
@string{osdi96 = "Proceedings of the 2nd Symposium on Operating System Design and Implementation (OSDI)"}
@string{osdi99 = "Proceedings of the 3rd Symposium on Operating System Design and Implementation (OSDI)"}
@string{osdi00 = "Proceedings of the 4th Symposium on Operating System Design and Implementation (OSDI)"}
@string{osdi02 = "Proceedings of the 5th Symposium on Operating System Design and Implementation (OSDI)"}
@string{osdi04 = "Proceedings of the 6th Symposium on Operating System Design and Implementation (OSDI)"}
@string{osdi06 = "Proceedings of the 7th Symposium on Operating System Design and Implementation (OSDI)"}
@string{osdi08 = "Proceedings of the 8th Symposium on Operating System Design and Implementation (OSDI)"}
@string{osdi10 = "Proceedings of the 9th Symposium on Operating System Design and Implementation (OSDI)"}
@string{osdi12 = "Proceedings of the 10th Symposium on Operating System Design and Implementation (OSDI)"}
@string{osdi14 = "Proceedings of the 11st Symposium on Operating System Design and Implementation (OSDI)"}
@string{isca90 = "Proceedings of the 17th International Symposium on Computer Architecture (ISCA)"}
@string{isca91 = "Proceedings of the 18th International Symposium on Computer Architecture (ISCA)"}
@string{isca92 = "Proceedings of the 19th International Symposium on Computer Architecture (ISCA)"}
@string{isca93 = "Proceedings of the 20th International Symposium on Computer Architecture (ISCA)"}
@string{isca94 = "Proceedings of the 21st International Symposium on Computer Architecture (ISCA)"}
@string{isca95 = "Proceedings of the 22nd International Symposium on Computer Architecture (ISCA)"}
@string{isca96 = "Proceedings of the 23rd International Symposium on Computer Architecture (ISCA)"}
@string{isca97 = "Proceedings of the 24th International Symposium on Computer Architecture (ISCA)"}
@string{isca98 = "Proceedings of the 25th International Symposium on Computer Architecture (ISCA)"}
@string{isca99 = "Proceedings of the 26th International Symposium on Computer Architecture (ISCA)"}
@string{isca00 = "Proceedings of the 27th International Symposium on Computer Architecture (ISCA)"}
@string{isca01 = "Proceedings of the 28th International Symposium on Computer Architecture (ISCA)"}
@string{isca02 = "Proceedings of the 29th International Symposium on Computer Architecture (ISCA)"}
@string{isca03 = "Proceedings of the 30th International Symposium on Computer Architecture (ISCA)"}
@string{isca04 = "Proceedings of the 31st International Symposium on Computer Architecture (ISCA)"}
@string{isca05 = "Proceedings of the 32nd International Symposium on Computer Architecture (ISCA)"}
@string{isca06 = "Proceedings of the 33rd International Symposium on Computer Architecture (ISCA)"}
@string{isca07 = "Proceedings of the 34th International Symposium on Computer Architecture (ISCA)"}
@string{isca08 = "Proceedings of the 35th International Symposium on Computer Architecture (ISCA)"}
@string{isca09 = "Proceedings of the 36th International Symposium on Computer Architecture (ISCA)"}
@string{isca10 = "Proceedings of the 37th International Symposium on Computer Architecture (ISCA)"}
@string{isca11 = "Proceedings of the 38th International Symposium on Computer Architecture (ISCA)"}
@string{isca12 = "Proceedings of the 39th International Symposium on Computer Architecture (ISCA)"}
@string{isca13 = "Proceedings of the 40th International Symposium on Computer Architecture (ISCA)"}
@string{isca14 = "Proceedings of the 41st International Symposium on Computer Architecture (ISCA)"}
@string{isca15 = "Proceedings of the 42nd International Symposium on Computer Architecture (ISCA)"}
@string{nsdi04 = "Proceedings of the 1st Symposium on Networked Systems Design and Implementation (NSDI)"}
@string{nsdi05 = "Proceedings of the 2nd Symposium on Networked Systems Design and Implementation (NSDI)"}
@string{nsdi06 = "Proceedings of the 3rd Symposium on Networked Systems Design and Implementation (NSDI)"}
@string{nsdi07 = "Proceedings of the 4th Symposium on Networked Systems Design and Implementation (NSDI)"}
@string{nsdi08 = "Proceedings of the 5th Symposium on Networked Systems Design and Implementation (NSDI)"}
@string{nsdi09 = "Proceedings of the 6th Symposium on Networked Systems Design and Implementation (NSDI)"}
@string{nsdi10 = "Proceedings of the 7th Symposium on Networked Systems Design and Implementation (NSDI)"}
@string{nsdi11 = "Proceedings of the 8th Symposium on Networked Systems Design and Implementation (NSDI)"}
@string{nsdi12 = "Proceedings of the 9th Symposium on Networked Systems Design and Implementation (NSDI)"}
@string{nsdi13 = "Proceedings of the 10th Symposium on Networked Systems Design and Implementation (NSDI)"}
@string{nsdi14 = "Proceedings of the 11st Symposium on Networked Systems Design and Implementation (NSDI)"}
@string{nsdi15 = "Proceedings of the 12th Symposium on Networked Systems Design and Implementation (NSDI)"}
@string{asplos08 = "Proceedings of the 13th International Conference on Architectural Support for Programming Languages and Operating Systems (ASPLOS-XIII)"}
@string{asplos09 = "Proceedings of the 14th International Conference on Architectural Support for Programming Languages and Operating Systems (ASPLOS-XIV)"}
@string{asplos10 = "Proceedings of the 15th International Conference on Architectural Support for Programming Languages and Operating Systems (ASPLOS-XV)"}
@string{asplos11 = "Proceedings of the 16th International Conference on Architectural Support for Programming Languages and Operating Systems (ASPLOS-XVI)"}
@string{asplos12 = "Proceedings of the 17th International Conference on Architectural Support for Programming Languages and Operating Systems (ASPLOS-XVII)"}
@string{asplos13 = "Proceedings of the 18th International Conference on Architectural Support for Programming Languages and Operating Systems (ASPLOS-XVIII)"}
@string{asplos14 = "Proceedings of the 19th International Conference on Architectural Support for Programming Languages and Operating Systems (ASPLOS-XIX)"}
@string{asplos15 = "Proceedings of the 20th International Conference on Architectural Support for Programming Languages and Operating Systems (ASPLOS-XX)"}
@string{hotos97 = "Proceedings of The 6th Workshop on Hot Topics in Operating Systems (HotOS-VI)"}
@string{hotos99 = "Proceedings of The 7th Workshop on Hot Topics in Operating Systems (HotOS-VII)"}
@string{hotos01 = "Proceedings of The 8th Workshop on Hot Topics in Operating Systems (HotOS-VIII)"}
@string{hotos03 = "Proceedings of The 9th Workshop on Hot Topics in Operating Systems (HotOS-IX)"}
@string{hotos05 = "Proceedings of The 10th Workshop on Hot Topics in Operating Systems (HotOS-X)"}
@string{hotos07 = "Proceedings of The 11st Workshop on Hot Topics in Operating Systems (HotOS-XI)"}
@string{hotos09 = "Proceedings of The 12th Workshop on Hot Topics in Operating Systems (HotOS-XII)"}
@string{hotos11 = "Proceedings of The 13th Workshop on Hot Topics in Operating Systems (HotOS-XIII)"}
@string{hotos13 = "Proceedings of The 14th Workshop on Hot Topics in Operating Systems (HotOS-XIV)"}
@string{hotnets07 = "Proceedings of The 6th ACM Workshop on Hot Topics in Networks (HotNets-VI)"}
@string{hotnets08 = "Proceedings of The 7th ACM Workshop on Hot Topics in Networks (HotNets-VII)"}
@string{hotnets09 = "Proceedings of The 8th ACM Workshop on Hot Topics in Networks (HotNets-VIII)"}
@string{hotnets10 = "Proceedings of The 9th ACM Workshop on Hot Topics in Networks (HotNets-IX)"}
@string{hotnets11 = "Proceedings of The 10th ACM Workshop on Hot Topics in Networks (HotNets-X)"}
@string{hotnets12 = "Proceedings of The 11st ACM Workshop on Hot Topics in Networks (HotNets-XI)"}
@string{hotnets13 = "Proceedings of The 12th ACM Workshop on Hot Topics in Networks (HotNets-XII)"}
@string{hotnets14 = "Proceedings of The 13th ACM Workshop on Hot Topics in Networks (HotNets-XIII)"}
@string{sc93 = "Proceedings of the 1993 ACM/IEEE Conference on Supercomputing (SC)"}
@string{sc94 = "Proceedings of the 1994 ACM/IEEE Conference on Supercomputing (SC)"}
@string{sc95 = "Proceedings of the 1995 ACM/IEEE Conference on Supercomputing (SC)"}
@string{sc96 = "Proceedings of the 1996 ACM/IEEE Conference on Supercomputing (SC)"}
@string{sc97 = "Proceedings of the 1997 ACM/IEEE Conference on Supercomputing (SC)"}
@string{sc98 = "Proceedings of the 1998 ACM/IEEE Conference on Supercomputing (SC)"}
@string{sc99 = "Proceedings of the 1999 ACM/IEEE Conference on Supercomputing (SC)"}
@string{sc00 = "Proceedings of the 2000 ACM/IEEE Conference on Supercomputing (SC)"}
@string{sc01 = "Proceedings of the 2001 ACM/IEEE Conference on Supercomputing (SC)"}
@string{sc02 = "Proceedings of the 2002 ACM/IEEE Conference on Supercomputing (SC)"}
@string{sc03 = "Proceedings of the 2003 ACM/IEEE Conference on Supercomputing (SC)"}
@string{sc04 = "Proceedings of the 2004 ACM/IEEE Conference on Supercomputing (SC)"}
@string{sc05 = "Proceedings of the 2005 ACM/IEEE Conference on Supercomputing (SC)"}
@string{sc06 = "Proceedings of the 2006 ACM/IEEE Conference on Supercomputing (SC)"}
@string{sc07 = "Proceedings of the 2007 ACM/IEEE Conference on Supercomputing (SC)"}
@string{sc08 = "Proceedings of the 2008 ACM/IEEE Conference on Supercomputing (SC)"}
@string{sc09 = "Proceedings of the 2009 ACM/IEEE Conference on Supercomputing (SC)"}
@string{sc10 = "Proceedings of the 2010 ACM/IEEE Conference on Supercomputing (SC)"}
@string{sc11 = "Proceedings of the 2011 ACM/IEEE Conference on Supercomputing (SC)"}
@string{sc12 = "Proceedings of the 2012 ACM/IEEE Conference on Supercomputing (SC)"}
@string{sc13 = "Proceedings of the 2013 ACM/IEEE Conference on Supercomputing (SC)"}
@string{sc14 = "Proceedings of the 2014 ACM/IEEE Conference on Supercomputing (SC)"}
@string{conext05 = "Proceedings of the 2005 ACM Conference on Emerging Networking Experiments and Technology (CoNEXT)"}
@string{conext06 = "Proceedings of the 2006 ACM Conference on Emerging Networking Experiments and Technology (CoNEXT)"}
@string{conext07 = "Proceedings of the 2007 ACM Conference on Emerging Networking Experiments and Technology (CoNEXT)"}
@string{conext08 = "Proceedings of the 2008 ACM Conference on Emerging Networking Experiments and Technology (CoNEXT)"}
@string{conext09 = "Proceedings of the 2009 ACM Conference on Emerging Networking Experiments and Technology (CoNEXT)"}
@string{conext10 = "Proceedings of the 2010 ACM Conference on Emerging Networking Experiments and Technology (CoNEXT)"}
@string{conext11 = "Proceedings of the 2011 ACM Conference on Emerging Networking Experiments and Technology (CoNEXT)"}
@string{conext12 = "Proceedings of the 2012 ACM Conference on Emerging Networking Experiments and Technology (CoNEXT)"}
@string{conext13 = "Proceedings of the 2013 ACM Conference on Emerging Networking Experiments and Technology (CoNEXT)"}
@string{conext14 = "Proceedings of the 2014 ACM Conference on Emerging Networking Experiments and Technology (CoNEXT)"}
@string{conext15 = "Proceedings of the 2015 ACM Conference on Emerging Networking Experiments and Technology (CoNEXT)"}
@string{conext16 = "Proceedings of the 2016 ACM Conference on Emerging Networking Experiments and Technology (CoNEXT)"}
@string{conext17 = "Proceedings of the 2017 ACM Conference on Emerging Networking Experiments and Technology (CoNEXT)"}
@string{conext18 = "Proceedings of the 2018 ACM Conference on Emerging Networking Experiments and Technology (CoNEXT)"}
@string{imc01 = "Proceedings of the 1st ACM SIGCOMM Workshop on Internet Measurement (IMC)"}
@string{imc02 = "Proceedings of the 2nd ACM SIGCOMM Workshop on Internet Measurement (IMC)"}
@string{imc03 = "Proceedings of the 3rd ACM SIGCOMM Workshop on Internet Measurement (IMC)"}
@string{imc04 = "Proceedings of the 4th ACM SIGCOMM Workshop on Internet Measurement (IMC)"}
@string{imc05 = "Proceedings of the 5th ACM SIGCOMM Workshop on Internet Measurement (IMC)"}
@string{imc06 = "Proceedings of the 6th ACM SIGCOMM Workshop on Internet Measurement (IMC)"}
@string{imc07 = "Proceedings of the 7th ACM SIGCOMM Workshop on Internet Measurement (IMC)"}
@string{imc08 = "Proceedings of the 8th ACM SIGCOMM Workshop on Internet Measurement (IMC)"}
@string{imc09 = "Proceedings of the 9th ACM SIGCOMM Workshop on Internet Measurement (IMC)"}
@string{imc10 = "Proceedings of the 10th ACM SIGCOMM Workshop on Internet Measurement (IMC)"}
@string{imc11 = "Proceedings of the 11st ACM SIGCOMM Workshop on Internet Measurement (IMC)"}
@string{imc12 = "Proceedings of the 12th ACM SIGCOMM Workshop on Internet Measurement (IMC)"}
@string{imc13 = "Proceedings of the 13th ACM SIGCOMM Workshop on Internet Measurement (IMC)"}
@string{imc14 = "Proceedings of the 14th ACM SIGCOMM Workshop on Internet Measurement (IMC)"}
@string{socc10 = "Proceedings of the 2010 ACM Symposium on Cloud Computing (SOCC)"}
@string{socc11 = "Proceedings of the 2011 ACM Symposium on Cloud Computing (SOCC)"}
@string{socc12 = "Proceedings of the 2012 ACM Symposium on Cloud Computing (SOCC)"}
@string{socc13 = "Proceedings of the 2013 ACM Symposium on Cloud Computing (SOCC)"}
@string{icpp06 = "Proceedings of the 2006 International Conference on Parallel Processing (ICPP)"}
@string{icpp07 = "Proceedings of the 2007 International Conference on Parallel Processing (ICPP)"}
@string{icpp08 = "Proceedings of the 2008 International Conference on Parallel Processing (ICPP)"}
@string{icpp09 = "Proceedings of the 2009 International Conference on Parallel Processing (ICPP)"}
@string{icpp10 = "Proceedings of the 2010 International Conference on Parallel Processing (ICPP)"}
@string{icpp11 = "Proceedings of the 2011 International Conference on Parallel Processing (ICPP)"}
@string{icpp12 = "Proceedings of the 2012 International Conference on Parallel Processing (ICPP)"}
@string{icpp13 = "Proceedings of the 2013 International Conference on Parallel Processing (ICPP)"}
@string{icpp14 = "Proceedings of the 2014 International Conference on Parallel Processing (ICPP)"}
@string{usenix95 = "Proceedings of the 1995 USENIX Annual Technical Conference (ATC)"}
@string{usenix96 = "Proceedings of the 1996 USENIX Annual Technical Conference (ATC)"}
@string{usenix97 = "Proceedings of the 1997 USENIX Annual Technical Conference (ATC)"}
@string{usenix98 = "Proceedings of the 1998 USENIX Annual Technical Conference (ATC)"}
@string{usenix99 = "Proceedings of the 1999 USENIX Annual Technical Conference (ATC)"}
@string{usenix00 = "Proceedings of the 2000 USENIX Annual Technical Conference (ATC)"}
@string{usenix01 = "Proceedings of the 2001 USENIX Annual Technical Conference (ATC)"}
@string{usenix02 = "Proceedings of the 2002 USENIX Annual Technical Conference (ATC)"}
@string{usenix03 = "Proceedings of the 2003 USENIX Annual Technical Conference (ATC)"}
@string{usenix04 = "Proceedings of the 2004 USENIX Annual Technical Conference (ATC)"}
@string{usenix05 = "Proceedings of the 2005 USENIX Annual Technical Conference (ATC)"}
@string{usenix06 = "Proceedings of the 2006 USENIX Annual Technical Conference (ATC)"}
@string{usenix07 = "Proceedings of the 2007 USENIX Annual Technical Conference (ATC)"}
@string{usenix08 = "Proceedings of the 2008 USENIX Annual Technical Conference (ATC)"}
@string{usenix09 = "Proceedings of the 2009 USENIX Annual Technical Conference (ATC)"}
@string{usenix10 = "Proceedings of the 2010 USENIX Annual Technical Conference (ATC)"}
@string{usenix11 = "Proceedings of the 2011 USENIX Annual Technical Conference (ATC)"}
@string{usenix12 = "Proceedings of the 2012 USENIX Annual Technical Conference (ATC)"}
@string{usenix13 = "Proceedings of the 2013 USENIX Annual Technical Conference (ATC)"}
