
%Google scholar citations
%(when DBLP does not have them)
%consider removing page number


%%%%%%%%%%%%%%%
%%%%%%%% 1990's %
%%%%%%%%%%%%%%%

@inproceedings{snell1996netpipe,
  title={{Netpipe: A Network Protocol Independent Performance Evaluator}},
  author={Snell, Quinn O and Mikler, Armin R and Gustafson, John L},
  booktitle={IASTED International Conference on Intelligent Information Management and Systems},
  volume={6},
  year={1996}
}

@inproceedings{mckenney1998read,
  title={{Read-Copy Update: Using Execution History to Solve Concurrency Problems}},
  author={McKenney, Paul E and Slingwine, John D},
  booktitle={Parallel and Distributed Computing and Systems},
  pages={509--518},
  year={1998}
}
%%%%%%%%%%%%%%%
%%%%%%%% 2001 %
%%%%%%%%%%%%%%%

@misc{ramakrishnan2001addition,
  title={{The Addition of Explicit Congestion Notification (ECN) to IP}},
  author={Ramakrishnan, K and Floyd, Sally and Black, David and others},
  year={2001},
  howpublished={IETF RFC 3168},
  publisher={RFC 3168, September}
}

%%%%%%%%%%%%%%%
%%%%%%%% 2004 %
%%%%%%%%%%%%%%%

@inproceedings{magoutis2004case,
  title={The case against user-level networking},
  author={Magoutis, Kostas and Seltzer, Margo and Gabber, Eran},
  booktitle={Third Workshop on Novel Uses of System Area Networks (SAN-3)(Held in conjunction with HPCA-10)},
  year={2004}
}




%%%%%%%%%%%%%
%%% 2014 %%%%
%%%%%%%%%%%%%

@inproceedings{jeong2014mtcp,
  title={{mTCP: A Highly Scalable User-level TCP Stack for Multicore Systems}},
  author={Jeong, EunYoung and Woo, Shinae and Jamshed, Muhammad and Jeong, Haewon and Ihm, Sunghwan and Han, Dongsu and Park, KyoungSoo},
  booktitle=NSDI14,
  year={2014}
}

@inproceedings{dragojevic14farm,
  title={{FaRM: Fast Remote Memory}},
  author={Dragojevi{\'c}, Aleksandar and Narayanan, Dushyanth and Hodson, Orion and Castro, Miguel},
  booktitle=NSDI14,
  year = 2014
}

@inproceedings{xxx-sapuntzakis2003virtual,
  title={Virtual Appliances for Deploying and Maintaining Software.},
  author={Sapuntzakis, Constantine P and Brumley, David and Chandra, Ramesh and Zeldovich, Nickolai and Chow, Jim and Lam, Monica S and Rosenblum, Mendel},
  booktitle={LISA},
  volume={3},
  pages={181--194},
  year={2003}
}


@inproceedings{radhakrishnan2014senic,
  title={{SENIC: A scalable NIC for end-host rate limiting}},
  author={Radhakrishnan, Sivasankar and Geng, Yilong and Jeyakumar, Vimalkumar and Kabbani, Abdul and Porter, George and Vahdat, Amin},
  booktitle=NSDI14,
  year={2014}
}
