

% for URL only


@misc{openonload,
  author = {{Solarflare Communications}},
  title =  {{Introduction to OpenOnload: Building Application Transparency and Protocol Conformance into Application Acceleration Middleware}},
  howpublished = {\url{http://www.solarflare. com/Content/UserFiles/Documents/ Solarflare OpenOnload IntroPaper.pdf}}
}


@misc{theC10Mproblem,
  author = {Robert Graham},
  title = {{The C10M Problem}},
  howpublished={\url{http://c10m.robertgraham.com}},
  year = {2013}
}


@misc{whatsapp-2mil,
 author = {{WhatsApp, Inc.}},
 title = {{1 Milion is so 2011}},
 year=2012,
 howpublished={\url{https://blog.whatsapp.com/index.php/2012/01/1-million-is-so-2011}}
}


