%%% This file is automatically genreated by bibcloud.py
%%% DO NOT EDIT



@inproceedings{Atikoglu:2012:WAL,
  author = {Berk Atikoglu and Yuehai Xu and Eitan Frachtenberg and Song Jiang and Mike Paleczny},
  title = {{Workload Analysis of a Large-Scale Key-Value Store.}},
  pages = {53-64},
  year = {2012},
  booktitle = SIGMETRICS12,
  bibsource = {DBLP alias: DBLP:conf/sigmetrics/AtikogluXFJP12}
}

@inproceedings{DBLP:conf/acsac/Bellovin04,
  author = {Steven M. Bellovin},
  title = {{A Look Back at "Security Problems in the TCP/IP Protocol Suite".}},
  pages = {229-249},
  year = {2004},
  booktitle = ACSAC04,
}

@inproceedings{DBLP:conf/asplos/DelimitrouK14,
  author = {Christina Delimitrou and Christos Kozyrakis},
  title = {{Quasar: Resource-Efficient and QoS-Aware Cluster Management.}},
  pages = {127-144},
  year = {2014},
  booktitle = ASPLOS14,
}

@inproceedings{DBLP:conf/asplos/MadhavapeddyMRSSGSHC13,
  author = {Anil Madhavapeddy and Richard Mortier and Charalampos Rotsos and David J. Scott and Balraj Singh and Thomas Gazagnaire and Steven Smith and Steven Hand and Jon Crowcroft},
  title = {{Unikernels: Library Operating Systems for the Cloud.}},
  pages = {461-472},
  year = {2013},
  booktitle = ASPLOS13,
}

@inproceedings{DBLP:conf/cloud/KapoorPTVV12,
  author = {Rishi Kapoor and George Porter and Malveeka Tewari and Geoffrey M. Voelker and Amin Vahdat},
  title = {{Chronos: Predictable Low Latency for Data Center Applications.}},
  pages = {9},
  year = {2012},
  booktitle = SoCC12,
}

@inproceedings{DBLP:conf/eurosys/LeverichK14,
  author = {Jacob Leverich and Christos Kozyrakis},
  title = {{Reconciling High Server Utilization and Sub-Millisecond Quality-of-Service.}},
  pages = {4},
  year = {2014},
  booktitle = EuroSys14,
}

@inproceedings{DBLP:conf/eurosys/PesterevSZM12,
  author = {Aleksey Pesterev and Jacob Strauss and Nickolai Zeldovich and Robert Tappan Morris},
  title = {{Improving Network Connection Locality on Multicore Systems.}},
  pages = {337-350},
  year = {2012},
  booktitle = EuroSys12,
}

@inproceedings{DBLP:conf/hotos/RumbleOSRO11,
  author = {Stephen M. Rumble and Diego Ongaro and Ryan Stutsman and Mendel Rosenblum and John K. Ousterhout},
  title = {{It's Time for Low Latency.}},
  year = {2011},
  booktitle = HotOS11,
}

@inproceedings{DBLP:conf/hotos/StutsmanO13,
  author = {Ryan Stutsman and John K. Ousterhout},
  title = {{Toward Common Patterns for Distributed, Concurrent, Fault-Tolerant Code.}},
  year = {2013},
  booktitle = HotOS13,
}

@inproceedings{DBLP:conf/icpp/JoseSLZHWIOWSP11,
  author = {Jithin Jose and Hari Subramoni and Miao Luo and Minjia Zhang and Jian Huang and Md. Wasi-ur-Rahman and Nusrat S. Islam and Xiangyong Ouyang and Hao Wang and Sayantan Sur and Dhabaleswar K. Panda},
  title = {{Memcached Design on High Performance RDMA Capable Interconnects.}},
  pages = {743-752},
  year = {2011},
  booktitle = ICPP11,
}

@inproceedings{DBLP:conf/isca/BasuGCHS13,
  author = {Arkaprava Basu and Jayneel Gandhi and Jichuan Chang and Mark D. Hill and Michael M. Swift},
  title = {{Efficient Virtual Memory for Big Memory Servers.}},
  pages = {237-248},
  year = {2013},
  booktitle = ISCA13,
}

@inproceedings{DBLP:conf/isca/HuggahalliIT05,
  author = {Ram Huggahalli and Ravi R. Iyer and Scott Tetrick},
  title = {{Direct Cache Access for High Bandwidth Network I/O.}},
  pages = {50-59},
  year = {2005},
  booktitle = ISCA05,
}

@inproceedings{DBLP:conf/isca/LoCGBK14,
  author = {David Lo and Liqun Cheng and Rama Govindaraju and Luiz Andre Barroso and Christos Kozyrakis},
  title = {{Towards Energy Proportionality for Large-Scale Latency-Critical Workloads.}},
  pages = {301-312},
  year = {2014},
  booktitle = ISCA14,
}

@inproceedings{DBLP:conf/lisa/SapuntzakisBCZCLR03,
  author = {Constantine P. Sapuntzakis and David Brumley and Ramesh Chandra and Nickolai Zeldovich and Jim Chow and Monica S. Lam and Mendel Rosenblum},
  title = {{Virtual Appliances for Deploying and Maintaining Software.}},
  pages = {181-194},
  year = {2003},
  booktitle = LISA03,
}

@inproceedings{DBLP:conf/nsdi/FanAK13,
  author = {Bin Fan and David G. Andersen and Michael Kaminsky},
  title = {{MemC3: Compact and Concurrent MemCache with Dumber Caching and Smarter Hashing.}},
  pages = {371-384},
  year = {2013},
  booktitle = NSDI13,
}

@inproceedings{DBLP:conf/nsdi/NishtalaFGKLLMPPSSTV13,
  author = {Rajesh Nishtala and Hans Fugal and Steven Grimm and Marc Kwiatkowski and Herman Lee and Harry C. Li and Ryan McElroy and Mike Paleczny and Daniel Peek and Paul Saab and David Stafford and Tony Tung and Venkateshwaran Venkataramani},
  title = {{Scaling Memcache at Facebook.}},
  pages = {385-398},
  year = {2013},
  booktitle = NSDI13,
}

@inproceedings{DBLP:conf/osdi/HanMCR12,
  author = {Sangjin Han and Scott Marshall and Byung-Gon Chun and Sylvia Ratnasamy},
  title = {{MegaPipe: A New Programming Interface for Scalable Network I/O.}},
  pages = {135-148},
  year = {2012},
  booktitle = OSDI12,
}

@inproceedings{DBLP:conf/osdi/SoaresS10,
  author = {Livio Soares and Michael Stumm},
  title = {{FlexSC: Flexible System Call Scheduling with Exception-Less System Calls.}},
  pages = {33-46},
  year = {2010},
  booktitle = OSDI10,
}

@inproceedings{DBLP:conf/sigcomm/AlizadehGMPPPSS10,
  author = {Mohammad Alizadeh and Albert G. Greenberg and David A. Maltz and Jitendra Padhye and Parveen Patel and Balaji Prabhakar and Sudipta Sengupta and Murari Sridharan},
  title = {{Data Center TCP (DCTCP).}},
  pages = {63-74},
  year = {2010},
  booktitle = SIGCOMM10,
}

@inproceedings{DBLP:conf/sigcomm/ThekkathNML93,
  author = {Chandramohan A. Thekkath and Thu D. Nguyen and Evelyn Moy and Edward D. Lazowska},
  title = {{Implementing Network Protocols at User Level.}},
  pages = {64-73},
  year = {1993},
  booktitle = SIGCOMM93,
}

@inproceedings{DBLP:conf/sigcomm/VasudevanPSKAGGM09,
  author = {Vijay Vasudevan and Amar Phanishayee and Hiral Shah and Elie Krevat and David G. Andersen and Gregory R. Ganger and Garth A. Gibson and Brian Mueller},
  title = {{Safe and Effective Fine-Grained TCP Retransmissions for Datacenter Communication.}},
  pages = {303-314},
  year = {2009},
  booktitle = SIGCOMM09,
}

@inproceedings{DBLP:conf/sosp/BaumannBDHIPRSS09,
  author = {Andrew Baumann and Paul Barham and Pierre-{\'E}variste Dagand and Timothy L. Harris and Rebecca Isaacs and Simon Peter and Timothy Roscoe and Adrian Sch{\"u}pbach and Akhilesh Singhania},
  title = {{The Multikernel: A new OS architecture for scalable multicore systems.}},
  pages = {29-44},
  year = {2009},
  booktitle = SOSP09,
}

@inproceedings{DBLP:conf/sosp/BehrenCZNB03,
  author = {J. Robert von Behren and Jeremy Condit and Feng Zhou and George C. Necula and Eric A. Brewer},
  title = {{Capriccio: scalable threads for internet services.}},
  pages = {268-281},
  year = {2003},
  booktitle = SOSP03,
}

@inproceedings{DBLP:conf/sosp/ClementsKZMK13,
  author = {Austin T. Clements and M. Frans Kaashoek and Nickolai Zeldovich and Robert Tappan Morris and Eddie Kohler},
  title = {{The Scalable Commutativity Rule: Designing Scalable Software for Multicore Processors.}},
  pages = {1-17},
  year = {2013},
  booktitle = SOSP13,
}

@inproceedings{DBLP:conf/sosp/DavidGT13,
  author = {Tudor David and Rachid Guerraoui and Vasileios Trigonakis},
  title = {{Everything You Always Wanted to Know About Synchronization but Were Afraid to Ask.}},
  pages = {33-48},
  year = {2013},
  booktitle = SOSP13,
}

@inproceedings{DBLP:conf/sosp/EnglerKO95,
  author = {Dawson R. Engler and M. Frans Kaashoek and James O'Toole},
  title = {{Exokernel: An Operating System Architecture for Application-Level Resource Management.}},
  pages = {251-266},
  year = {1995},
  booktitle = SOSP95,
}

@inproceedings{DBLP:conf/sosp/OngaroRSOR11,
  author = {Diego Ongaro and Stephen M. Rumble and Ryan Stutsman and John K. Ousterhout and Mendel Rosenblum},
  title = {{Fast Crash Recovery in RAMCloud.}},
  pages = {29-41},
  year = {2011},
  booktitle = SOSP11,
}

@inproceedings{DBLP:conf/sosp/VargheseL87,
  author = {George Varghese and Anthony Lauck},
  title = {{Hashed and Hierarchical Timing Wheels: Data Structures for the Efficient Implementation of a Timer Facility.}},
  pages = {25-38},
  year = {1987},
  booktitle = SOSP87,
}

@inproceedings{DBLP:conf/usenix/Chu96,
  author = {Hsiao-Keng Jerry Chu},
  title = {{Zero-Copy TCP in Solaris.}},
  pages = {253-264},
  year = {1996},
  booktitle = USENIX96,
}

@article{DBLP:journals/cacm/DeanB13,
  author = {Jeffrey Dean and Luiz Andr{\'e} Barroso},
  title = {{The Tail at Scale.}},
  pages = {74-80},
  year = {2013},
  volume = {56},
  journal = {Commun. ACM},
  number = {2},
}

@article{DBLP:journals/cacm/Rizzo12,
  author = {Luigi Rizzo},
  title = {{Revisiting Network I/O APIs: The netmap Framework.}},
  pages = {45-51},
  year = {2012},
  volume = {55},
  journal = {Commun. ACM},
  number = {3},
}

@article{DBLP:journals/computer/BarrosoH07,
  author = {Luiz Andr{\'e} Barroso and Urs H{\"o}lzle},
  title = {{The Case for Energy-Proportional Computing.}},
  pages = {33-37},
  year = {2007},
  volume = {40},
  journal = {IEEE Computer},
  number = {12},
}

@article{DBLP:journals/computer/UhligNRSMABKLS05,
  author = {Rich Uhlig and Gil Neiger and Dion Rodgers and Amy L. Santoni and Fernando C. M. Martins and Andrew V. Anderson and Steven M. Bennett and Alain K{\"a}gi and Felix H. Leung and Larry Smith},
  title = {{Intel Virtualization Technology.}},
  pages = {48-56},
  year = {2005},
  volume = {38},
  journal = {IEEE Computer},
  number = {5},
}

@article{DBLP:journals/tocs/BugnionDGR97,
  author = {Edouard Bugnion and Scott Devine and Kinshuk Govil and Mendel Rosenblum},
  title = {{Disco: Running Commodity Operating Systems on Scalable Multiprocessors.}},
  pages = {412-447},
  year = {1997},
  volume = {15},
  journal = {ACM Trans. Comput. Syst.},
  number = {4},
}

@article{DBLP:journals/tocs/BugnionDRSW12,
  author = {Edouard Bugnion and Scott Devine and Mendel Rosenblum and Jeremy Sugerman and Edward Y. Wang},
  title = {{Bringing Virtualization to the x86 Architecture with the Original VMware Workstation.}},
  pages = {12},
  year = {2012},
  volume = {30},
  journal = {ACM Trans. Comput. Syst.},
  number = {4},
}

@article{DBLP:journals/tocs/PaiDZ00,
  author = {Vivek S. Pai and Peter Druschel and Willy Zwaenepoel},
  title = {{IO-Lite: A Unified I/O Buffering and Caching System.}},
  pages = {37-66},
  year = {2000},
  volume = {18},
  journal = {ACM Trans. Comput. Syst.},
  number = {1},
}

@article{DBLP:journals/ton/FloydJ93,
  author = {Sally Floyd and Van Jacobson},
  title = {{Random Early Detection Gateways for Congestion Avoidance.}},
  pages = {397-413},
  year = {1993},
  volume = {1},
  journal = {IEEE/ACM Trans. Netw.},
  number = {4},
}

@article{click,
  author = {Eddie Kohler and Robert Morris and Benjie Chen and John Jannotti and M. Frans Kaashoek},
  title = {{The Click Modular Router.}},
  pages = {263-297},
  year = {2000},
  volume = {18},
  journal = {ACM Trans. Comput. Syst.},
  number = {3},
  bibsource = {DBLP alias: DBLP:journals/tocs/KohlerMCJK00}
}

@inproceedings{dune,
  author = {Adam Belay and Andrea Bittau and Ali Jos{\'e} Mashtizadeh and David Terei and David Mazi{\`e}res and Christos Kozyrakis},
  title = {{Dune: Safe User-level Access to Privileged CPU Features.}},
  pages = {335-348},
  year = {2012},
  booktitle = OSDI12,
  bibsource = {DBLP alias: DBLP:conf/osdi/BelayBMTMK12}
}

@inproceedings{routebricks,
  author = {Mihai Dobrescu and Norbert Egi and Katerina J. Argyraki and Byung-Gon Chun and Kevin R. Fall and Gianluca Iannaccone and Allan Knies and Maziar Manesh and Sylvia Ratnasamy},
  title = {{RouteBricks: Exploiting Parallelism to Scale Software Routers.}},
  pages = {15-28},
  year = {2009},
  booktitle = SOSP09,
  bibsource = {DBLP alias: DBLP:conf/sosp/DobrescuEACFIKMR09}
}

@inproceedings{sandstorm,
  author = {Ilias Marinos and Robert N. M. Watson and Mark Handley},
  title = {{Network Stack Specialization for Performance.}},
  pages = {175-186},
  year = {2014},
  booktitle = SIGCOMM14,
  bibsource = {DBLP alias: DBLP:conf/sigcomm/MarinosWH14}
}

@inproceedings{tinyosnet,
  author = {Philip Levis and Samuel Madden and David Gay and Joseph Polastre and Robert Szewczyk and Alec Woo and Eric A. Brewer and David E. Culler},
  title = {{The Emergence of Networking Abstractions and Techniques in TinyOS.}},
  pages = {1-14},
  year = {2004},
  booktitle = NSDI04,
  bibsource = {DBLP alias: DBLP:conf/nsdi/LevisMGPSWBC04}
}
