%%% This file is automatically genreated by bibcloud.py
%%% DO NOT EDIT



@inproceedings{Atikoglu:2012:WAL,
  author = {Berk Atikoglu and Yuehai Xu and Eitan Frachtenberg and Song Jiang and Mike Paleczny},
  title = {{Workload Analysis of a Large-Scale Key-Value Store.}},
  pages = {53-64},
  year = {2012},
  booktitle = SIGMETRICS12,
  bibsource = {DBLP alias: DBLP:conf/sigmetrics/AtikogluXFJP12}
}

@article{click,
  author = {Eddie Kohler and Robert Morris and Benjie Chen and John Jannotti and M. Frans Kaashoek},
  title = {{The Click Modular Router.}},
  pages = {263-297},
  year = {2000},
  volume = {18},
  journal = {ACM Trans. Comput. Syst.},
  number = {3},
  bibsource = {DBLP alias: DBLP:journals/tocs/KohlerMCJK00}
}

@inproceedings{dune,
  author = {Adam Belay and Andrea Bittau and Ali Jos{\'e} Mashtizadeh and David Terei and David Mazi{\`e}res and Christos Kozyrakis},
  title = {{Dune: Safe User-level Access to Privileged CPU Features.}},
  pages = {335-348},
  year = {2012},
  booktitle = OSDI12,
  bibsource = {DBLP alias: DBLP:conf/osdi/BelayBMTMK12}
}

@inproceedings{megapipe,
  author = {Sangjin Han and Scott Marshall and Byung-Gon Chun and Sylvia Ratnasamy},
  title = {{MegaPipe: A New Programming Interface for Scalable Network I/O.}},
  pages = {135-148},
  year = {2012},
  booktitle = OSDI12,
  bibsource = {DBLP alias: DBLP:conf/osdi/HanMCR12}
}

@inproceedings{mtcp,
  author = {Eunyoung Jeong and Shinae Woo and Muhammad Asim Jamshed and Haewon Jeong and Sunghwan Ihm and Dongsu Han and KyoungSoo Park},
  title = {{mTCP: a Highly Scalable User-level TCP Stack for Multicore Systems.}},
  pages = {489-502},
  year = {2014},
  booktitle = NSDI14,
  bibsource = {DBLP alias: DBLP:conf/nsdi/JeongWJJIHP14}
}

@inproceedings{quasar,
  author = {Christina Delimitrou and Christos Kozyrakis},
  title = {{Quasar: Resource-Efficient and QoS-Aware Cluster Management.}},
  pages = {127-144},
  year = {2014},
  booktitle = ASPLOS14,
  bibsource = {DBLP alias: DBLP:conf/asplos/DelimitrouK14}
}

@inproceedings{routebricks,
  author = {Mihai Dobrescu and Norbert Egi and Katerina J. Argyraki and Byung-Gon Chun and Kevin R. Fall and Gianluca Iannaccone and Allan Knies and Maziar Manesh and Sylvia Ratnasamy},
  title = {{RouteBricks: Exploiting Parallelism to Scale Software Routers.}},
  pages = {15-28},
  year = {2009},
  booktitle = SOSP09,
  bibsource = {DBLP alias: DBLP:conf/sosp/DobrescuEACFIKMR09}
}

@inproceedings{sandstorm,
  author = {Ilias Marinos and Robert N. M. Watson and Mark Handley},
  title = {{Network Stack Specialization for Performance.}},
  pages = {175-186},
  year = {2014},
  booktitle = SIGCOMM14,
  bibsource = {DBLP alias: DBLP:conf/sigcomm/MarinosWH14}
}

@inproceedings{tinyosnet,
  author = {Philip Levis and Samuel Madden and David Gay and Joseph Polastre and Robert Szewczyk and Alec Woo and Eric A. Brewer and David E. Culler},
  title = {{The Emergence of Networking Abstractions and Techniques in TinyOS.}},
  pages = {1-14},
  year = {2004},
  booktitle = NSDI04,
  bibsource = {DBLP alias: DBLP:conf/nsdi/LevisMGPSWBC04}
}
